Order_ID,commodity,unit_price,quantity,time
1,肉骨湯麵,15,1,1692198875000000000
1,益生菌,150,15,1692198875000000000
1,原萃綠茶,39,2,1692198875000000000
1,品客洋芋片,60,5,1692198875000000000
2,肉骨湯麵,15,5,1692199562000000000
2,品客洋芋片,60,1,1692199562000000000
3,原萃綠茶,39,1,1692200226000000000
3,品客洋芋片,60,14,1692200226000000000
3,肉骨湯麵,15,5,1692200226000000000
3,益生菌,150,3,1692200226000000000
4,肉骨湯麵,15,3,1692206729000000000
5,品客洋芋片,60,11,1692207231000000000
5,肉骨湯麵,15,2,1692207231000000000
5,原萃綠茶,39,7,1692207231000000000
5,益生菌,150,16,1692207231000000000
6,原萃綠茶,39,13,1692214357000000000
6,品客洋芋片,60,6,1692214357000000000
7,益生菌,150,19,1692263160000000000
8,品客洋芋片,60,3,1692264034000000000
8,益生菌,150,12,1692264034000000000
8,原萃綠茶,39,3,1692264034000000000
8,肉骨湯麵,15,6,1692264034000000000
9,益生菌,150,4,1692264782000000000
9,原萃綠茶,39,2,1692264782000000000
9,品客洋芋片,60,2,1692264782000000000
10,益生菌,150,5,1692268622000000000
10,品客洋芋片,60,14,1692268622000000000
10,原萃綠茶,39,3,1692268622000000000
11,原萃綠茶,39,4,1692270794000000000
11,益生菌,150,5,1692270794000000000
12,肉骨湯麵,15,3,1692271579000000000
12,品客洋芋片,60,6,1692271579000000000
13,原萃綠茶,39,18,1692273722000000000
13,益生菌,150,13,1692273722000000000
13,肉骨湯麵,15,5,1692273722000000000
14,原萃綠茶,39,5,1692274661000000000
14,品客洋芋片,60,5,1692274661000000000
14,益生菌,150,5,1692274661000000000
15,原萃綠茶,39,1,1692275103000000000
15,品客洋芋片,60,2,1692275103000000000
15,益生菌,150,2,1692275103000000000
16,益生菌,150,1,1692275359000000000
16,原萃綠茶,39,1,1692275359000000000
16,肉骨湯麵,15,10,1692275359000000000
16,品客洋芋片,60,4,1692275359000000000
17,益生菌,150,4,1692275404000000000
18,肉骨湯麵,15,5,1692275410000000000
18,品客洋芋片,60,4,1692275410000000000
19,品客洋芋片,60,2,1692275668000000000
19,原萃綠茶,39,6,1692275668000000000
20,品客洋芋片,60,3,1692276708000000000
20,肉骨湯麵,15,5,1692276708000000000
20,原萃綠茶,39,1,1692276708000000000
21,原萃綠茶,39,5,1692277505000000000
21,益生菌,150,4,1692277505000000000
22,肉骨湯麵,15,1,1692277900000000000
22,原萃綠茶,39,4,1692277900000000000
22,品客洋芋片,60,3,1692277900000000000
23,品客洋芋片,60,6,1692278003000000000
24,原萃綠茶,39,1,1692279787000000000
24,益生菌,150,3,1692279787000000000
24,肉骨湯麵,15,5,1692279787000000000
25,原萃綠茶,39,1,1692280016000000000
25,品客洋芋片,60,4,1692280016000000000
26,品客洋芋片,60,6,1692281196000000000
27,原萃綠茶,39,19,1692281809000000000
27,益生菌,150,3,1692281809000000000
28,品客洋芋片,60,5,1692281862000000000
29,原萃綠茶,39,5,1692282370000000000
29,品客洋芋片,60,4,1692282370000000000
30,品客洋芋片,60,4,1692282814000000000
30,肉骨湯麵,15,3,1692282814000000000
31,肉骨湯麵,15,4,1692283038000000000
31,原萃綠茶,39,5,1692283038000000000
32,肉骨湯麵,15,3,1692283664000000000
32,原萃綠茶,39,2,1692283664000000000
32,品客洋芋片,60,2,1692283664000000000
33,益生菌,150,6,1692285471000000000
33,肉骨湯麵,15,4,1692285471000000000
34,益生菌,150,19,1692286814000000000
34,品客洋芋片,60,1,1692286814000000000
35,肉骨湯麵,15,4,1692286816000000000
35,益生菌,150,4,1692286816000000000
35,品客洋芋片,60,4,1692286816000000000
35,原萃綠茶,39,6,1692286816000000000
36,益生菌,150,2,1692287321000000000
37,品客洋芋片,60,2,1692287692000000000
37,益生菌,150,4,1692287692000000000
37,肉骨湯麵,15,4,1692287692000000000
37,原萃綠茶,39,4,1692287692000000000
38,品客洋芋片,60,18,1692289766000000000
38,原萃綠茶,39,1,1692289766000000000
38,肉骨湯麵,15,2,1692289766000000000
38,益生菌,150,5,1692289766000000000
39,肉骨湯麵,15,1,1692290467000000000
39,益生菌,150,19,1692290467000000000
39,品客洋芋片,60,1,1692290467000000000
39,原萃綠茶,39,1,1692290467000000000
40,益生菌,150,5,1692290842000000000
40,肉骨湯麵,15,2,1692290842000000000
41,益生菌,150,4,1692290952000000000
41,肉骨湯麵,15,6,1692290952000000000
41,品客洋芋片,60,3,1692290952000000000
41,原萃綠茶,39,4,1692290952000000000
42,原萃綠茶,39,3,1692293089000000000
42,益生菌,150,5,1692293089000000000
43,原萃綠茶,39,9,1692294413000000000
43,品客洋芋片,60,1,1692294413000000000
44,益生菌,150,18,1692294424000000000
45,益生菌,150,6,1692296663000000000
46,肉骨湯麵,15,2,1692296935000000000
46,益生菌,150,3,1692296935000000000
46,品客洋芋片,60,17,1692296935000000000
47,肉骨湯麵,15,6,1692297340000000000
47,原萃綠茶,39,2,1692297340000000000
47,益生菌,150,1,1692297340000000000
47,品客洋芋片,60,5,1692297340000000000
48,肉骨湯麵,15,3,1692297512000000000
48,益生菌,150,1,1692297512000000000
48,原萃綠茶,39,1,1692297512000000000
49,益生菌,150,5,1692298686000000000
49,品客洋芋片,60,5,1692298686000000000
49,肉骨湯麵,15,4,1692298686000000000
50,益生菌,150,6,1692299671000000000
50,原萃綠茶,39,4,1692299671000000000
50,品客洋芋片,60,1,1692299671000000000
51,原萃綠茶,39,6,1692300610000000000
51,肉骨湯麵,15,6,1692300610000000000
52,肉骨湯麵,15,18,1692301424000000000
52,品客洋芋片,60,4,1692301424000000000
52,原萃綠茶,39,2,1692301424000000000
52,益生菌,150,6,1692301424000000000
53,肉骨湯麵,15,4,1692301564000000000
53,益生菌,150,6,1692301564000000000
53,原萃綠茶,39,19,1692301564000000000
54,益生菌,150,2,1692304108000000000
55,肉骨湯麵,15,1,1692304277000000000
55,原萃綠茶,39,4,1692304277000000000
55,益生菌,150,2,1692304277000000000
55,品客洋芋片,60,10,1692304277000000000
56,益生菌,150,1,1692351652000000000
56,原萃綠茶,39,13,1692351652000000000
57,肉骨湯麵,15,5,1692352038000000000
57,益生菌,150,5,1692352038000000000
58,品客洋芋片,60,1,1692352609000000000
58,肉骨湯麵,15,6,1692352609000000000
58,原萃綠茶,39,10,1692352609000000000
59,肉骨湯麵,15,18,1692353164000000000
59,原萃綠茶,39,5,1692353164000000000
59,益生菌,150,3,1692353164000000000
60,益生菌,150,2,1692354108000000000
61,益生菌,150,2,1692354588000000000
62,原萃綠茶,39,4,1692358858000000000
62,品客洋芋片,60,13,1692358858000000000
62,肉骨湯麵,15,11,1692358858000000000
63,益生菌,150,3,1692360187000000000
64,肉骨湯麵,15,1,1692361221000000000
64,原萃綠茶,39,2,1692361221000000000
64,益生菌,150,6,1692361221000000000
64,品客洋芋片,60,1,1692361221000000000
65,益生菌,150,4,1692361595000000000
65,原萃綠茶,39,14,1692361595000000000
65,品客洋芋片,60,2,1692361595000000000
66,益生菌,150,1,1692362475000000000
66,肉骨湯麵,15,5,1692362475000000000
66,原萃綠茶,39,6,1692362475000000000
66,品客洋芋片,60,3,1692362475000000000
67,原萃綠茶,39,9,1692362973000000000
67,益生菌,150,2,1692362973000000000
67,品客洋芋片,60,6,1692362973000000000
68,益生菌,150,2,1692363542000000000
69,肉骨湯麵,15,1,1692363729000000000
69,品客洋芋片,60,1,1692363729000000000
69,益生菌,150,2,1692363729000000000
69,原萃綠茶,39,6,1692363729000000000
70,品客洋芋片,60,20,1692363769000000000
71,品客洋芋片,60,1,1692366200000000000
71,益生菌,150,6,1692366200000000000
72,肉骨湯麵,15,2,1692366768000000000
72,原萃綠茶,39,5,1692366768000000000
72,益生菌,150,3,1692366768000000000
73,品客洋芋片,60,4,1692367072000000000
73,肉骨湯麵,15,1,1692367072000000000
74,品客洋芋片,60,4,1692367672000000000
75,品客洋芋片,60,6,1692368497000000000
76,品客洋芋片,60,4,1692368576000000000
76,原萃綠茶,39,4,1692368576000000000
76,肉骨湯麵,15,3,1692368576000000000
76,益生菌,150,4,1692368576000000000
77,肉骨湯麵,15,19,1692369556000000000
78,肉骨湯麵,15,2,1692370037000000000
78,品客洋芋片,60,20,1692370037000000000
78,原萃綠茶,39,4,1692370037000000000
79,肉骨湯麵,15,5,1692370538000000000
79,原萃綠茶,39,5,1692370538000000000
80,品客洋芋片,60,14,1692371893000000000
80,肉骨湯麵,15,7,1692371893000000000
81,品客洋芋片,60,2,1692372011000000000
81,肉骨湯麵,15,12,1692372011000000000
81,益生菌,150,1,1692372011000000000
82,品客洋芋片,60,6,1692373883000000000
82,肉骨湯麵,15,6,1692373883000000000
82,原萃綠茶,39,5,1692373883000000000
82,益生菌,150,3,1692373883000000000
83,品客洋芋片,60,1,1692375824000000000
83,益生菌,150,2,1692375824000000000
83,原萃綠茶,39,2,1692375824000000000
83,肉骨湯麵,15,6,1692375824000000000
84,益生菌,150,4,1692375891000000000
84,品客洋芋片,60,6,1692375891000000000
85,品客洋芋片,60,5,1692377558000000000
85,肉骨湯麵,15,3,1692377558000000000
86,原萃綠茶,39,4,1692378459000000000
86,肉骨湯麵,15,6,1692378459000000000
86,益生菌,150,4,1692378459000000000
87,益生菌,150,2,1692378841000000000
87,肉骨湯麵,15,1,1692378841000000000
87,原萃綠茶,39,1,1692378841000000000
88,品客洋芋片,60,6,1692378877000000000
88,益生菌,150,5,1692378877000000000
88,肉骨湯麵,15,4,1692378877000000000
88,原萃綠茶,39,5,1692378877000000000
89,肉骨湯麵,15,3,1692379245000000000
89,品客洋芋片,60,1,1692379245000000000
89,原萃綠茶,39,12,1692379245000000000
90,益生菌,150,1,1692379559000000000
90,品客洋芋片,60,9,1692379559000000000
90,原萃綠茶,39,6,1692379559000000000
91,肉骨湯麵,15,12,1692380070000000000
92,肉骨湯麵,15,10,1692380972000000000
92,原萃綠茶,39,4,1692380972000000000
92,益生菌,150,2,1692380972000000000
93,益生菌,150,13,1692383119000000000
93,品客洋芋片,60,4,1692383119000000000
93,原萃綠茶,39,2,1692383119000000000
93,肉骨湯麵,15,3,1692383119000000000
94,品客洋芋片,60,14,1692384126000000000
94,原萃綠茶,39,5,1692384126000000000
94,益生菌,150,3,1692384126000000000
95,益生菌,150,8,1692384181000000000
95,品客洋芋片,60,5,1692384181000000000
95,肉骨湯麵,15,5,1692384181000000000
95,原萃綠茶,39,2,1692384181000000000
96,品客洋芋片,60,1,1692385144000000000
96,益生菌,150,6,1692385144000000000
97,益生菌,150,6,1692385561000000000
97,肉骨湯麵,15,9,1692385561000000000
97,原萃綠茶,39,1,1692385561000000000
97,品客洋芋片,60,3,1692385561000000000
98,肉骨湯麵,15,4,1692386822000000000
99,原萃綠茶,39,9,1692387444000000000
99,益生菌,150,6,1692387444000000000
99,品客洋芋片,60,18,1692387444000000000
100,品客洋芋片,60,5,1692388293000000000
100,原萃綠茶,39,3,1692388293000000000
100,益生菌,150,3,1692388293000000000
100,肉骨湯麵,15,5,1692388293000000000
101,原萃綠茶,39,5,1692391137000000000
101,肉骨湯麵,15,2,1692391137000000000
101,品客洋芋片,60,13,1692391137000000000
102,品客洋芋片,60,11,1692391148000000000
102,肉骨湯麵,15,3,1692391148000000000
102,益生菌,150,5,1692391148000000000
103,原萃綠茶,39,1,1692437162000000000
103,品客洋芋片,60,4,1692437162000000000
103,益生菌,150,3,1692437162000000000
104,品客洋芋片,60,12,1692439114000000000
104,肉骨湯麵,15,2,1692439114000000000
104,原萃綠茶,39,20,1692439114000000000
105,益生菌,150,6,1692439511000000000
106,益生菌,150,1,1692440138000000000
106,原萃綠茶,39,1,1692440138000000000
106,肉骨湯麵,15,5,1692440138000000000
107,益生菌,150,4,1692441251000000000
108,品客洋芋片,60,3,1692441725000000000
108,益生菌,150,15,1692441725000000000
109,原萃綠茶,39,1,1692446810000000000
109,益生菌,150,1,1692446810000000000
109,肉骨湯麵,15,10,1692446810000000000
109,品客洋芋片,60,19,1692446810000000000
110,品客洋芋片,60,5,1692449127000000000
110,肉骨湯麵,15,11,1692449127000000000
111,益生菌,150,20,1692451342000000000
111,肉骨湯麵,15,6,1692451342000000000
111,原萃綠茶,39,6,1692451342000000000
111,品客洋芋片,60,3,1692451342000000000
112,肉骨湯麵,15,6,1692452302000000000
112,益生菌,150,1,1692452302000000000
113,肉骨湯麵,15,2,1692453558000000000
113,益生菌,150,1,1692453558000000000
113,原萃綠茶,39,2,1692453558000000000
113,品客洋芋片,60,4,1692453558000000000
114,品客洋芋片,60,14,1692453964000000000
114,肉骨湯麵,15,3,1692453964000000000
114,益生菌,150,1,1692453964000000000
115,肉骨湯麵,15,1,1692455318000000000
115,品客洋芋片,60,6,1692455318000000000
116,肉骨湯麵,15,3,1692455586000000000
116,原萃綠茶,39,1,1692455586000000000
117,原萃綠茶,39,4,1692456526000000000
117,肉骨湯麵,15,12,1692456526000000000
117,品客洋芋片,60,4,1692456526000000000
117,益生菌,150,1,1692456526000000000
118,肉骨湯麵,15,6,1692456733000000000
119,原萃綠茶,39,6,1692458930000000000
119,肉骨湯麵,15,6,1692458930000000000
119,益生菌,150,2,1692458930000000000
119,品客洋芋片,60,5,1692458930000000000
120,益生菌,150,1,1692458978000000000
120,原萃綠茶,39,6,1692458978000000000
120,肉骨湯麵,15,3,1692458978000000000
120,品客洋芋片,60,6,1692458978000000000
121,肉骨湯麵,15,2,1692460410000000000
121,品客洋芋片,60,4,1692460410000000000
122,原萃綠茶,39,4,1692460452000000000
122,品客洋芋片,60,6,1692460452000000000
122,益生菌,150,4,1692460452000000000
122,肉骨湯麵,15,4,1692460452000000000
123,品客洋芋片,60,4,1692461612000000000
124,益生菌,150,1,1692463776000000000
124,原萃綠茶,39,5,1692463776000000000
124,品客洋芋片,60,6,1692463776000000000
125,肉骨湯麵,15,5,1692463895000000000
125,原萃綠茶,39,3,1692463895000000000
125,品客洋芋片,60,1,1692463895000000000
125,益生菌,150,8,1692463895000000000
126,肉骨湯麵,15,6,1692467240000000000
126,品客洋芋片,60,5,1692467240000000000
127,原萃綠茶,39,1,1692467518000000000
128,原萃綠茶,39,6,1692467679000000000
129,肉骨湯麵,15,5,1692468447000000000
129,原萃綠茶,39,6,1692468447000000000
129,益生菌,150,4,1692468447000000000
129,品客洋芋片,60,5,1692468447000000000
130,原萃綠茶,39,6,1692468462000000000
130,品客洋芋片,60,7,1692468462000000000
130,益生菌,150,1,1692468462000000000
131,益生菌,150,7,1692470480000000000
132,原萃綠茶,39,5,1692470567000000000
132,品客洋芋片,60,2,1692470567000000000
132,益生菌,150,2,1692470567000000000
132,肉骨湯麵,15,11,1692470567000000000
133,益生菌,150,9,1692471244000000000
134,益生菌,150,9,1692471694000000000
134,肉骨湯麵,15,1,1692471694000000000
135,益生菌,150,3,1692472240000000000
135,品客洋芋片,60,5,1692472240000000000
135,肉骨湯麵,15,13,1692472240000000000
136,品客洋芋片,60,3,1692473695000000000
136,原萃綠茶,39,5,1692473695000000000
136,肉骨湯麵,15,6,1692473695000000000
137,原萃綠茶,39,3,1692473750000000000
137,肉骨湯麵,15,4,1692473750000000000
137,益生菌,150,3,1692473750000000000
137,品客洋芋片,60,14,1692473750000000000
138,原萃綠茶,39,1,1692474033000000000
138,肉骨湯麵,15,1,1692474033000000000
138,益生菌,150,5,1692474033000000000
139,原萃綠茶,39,5,1692474104000000000
139,益生菌,150,9,1692474104000000000
139,肉骨湯麵,15,1,1692474104000000000
139,品客洋芋片,60,13,1692474104000000000
140,肉骨湯麵,15,6,1692474423000000000
140,品客洋芋片,60,6,1692474423000000000
141,品客洋芋片,60,7,1692474572000000000
141,原萃綠茶,39,2,1692474572000000000
142,益生菌,150,20,1692474745000000000
142,肉骨湯麵,15,11,1692474745000000000
142,原萃綠茶,39,2,1692474745000000000
143,益生菌,150,2,1692475246000000000
143,原萃綠茶,39,16,1692475246000000000
143,品客洋芋片,60,19,1692475246000000000
143,肉骨湯麵,15,10,1692475246000000000
144,原萃綠茶,39,4,1692475393000000000
144,肉骨湯麵,15,2,1692475393000000000
145,益生菌,150,6,1692475409000000000
146,肉骨湯麵,15,11,1692475892000000000
146,品客洋芋片,60,3,1692475892000000000
146,原萃綠茶,39,3,1692475892000000000
146,益生菌,150,7,1692475892000000000
147,肉骨湯麵,15,17,1692475921000000000
147,益生菌,150,10,1692475921000000000
148,原萃綠茶,39,4,1692476094000000000
149,益生菌,150,4,1692476387000000000
150,原萃綠茶,39,6,1692477620000000000
150,益生菌,150,2,1692477620000000000
150,肉骨湯麵,15,15,1692477620000000000
151,原萃綠茶,39,1,1692477977000000000
152,益生菌,150,2,1692478019000000000
153,原萃綠茶,39,3,1692522836000000000
153,益生菌,150,14,1692522836000000000
153,品客洋芋片,60,5,1692522836000000000
154,原萃綠茶,39,1,1692524234000000000
155,原萃綠茶,39,3,1692528694000000000
155,品客洋芋片,60,1,1692528694000000000
156,品客洋芋片,60,4,1692530317000000000
156,原萃綠茶,39,5,1692530317000000000
156,肉骨湯麵,15,4,1692530317000000000
157,品客洋芋片,60,5,1692531141000000000
158,益生菌,150,6,1692534283000000000
159,原萃綠茶,39,2,1692535092000000000
159,肉骨湯麵,15,4,1692535092000000000
160,肉骨湯麵,15,5,1692535995000000000
160,品客洋芋片,60,18,1692535995000000000
160,益生菌,150,14,1692535995000000000
161,肉骨湯麵,15,8,1692536337000000000
161,品客洋芋片,60,2,1692536337000000000
161,益生菌,150,2,1692536337000000000
162,肉骨湯麵,15,3,1692536894000000000
162,原萃綠茶,39,1,1692536894000000000
162,品客洋芋片,60,6,1692536894000000000
163,原萃綠茶,39,4,1692537983000000000
164,益生菌,150,7,1692538415000000000
165,品客洋芋片,60,1,1692538445000000000
165,益生菌,150,2,1692538445000000000
165,肉骨湯麵,15,6,1692538445000000000
165,原萃綠茶,39,3,1692538445000000000
166,品客洋芋片,60,3,1692538501000000000
167,肉骨湯麵,15,6,1692538513000000000
167,品客洋芋片,60,6,1692538513000000000
167,益生菌,150,10,1692538513000000000
168,益生菌,150,3,1692539461000000000
168,肉骨湯麵,15,5,1692539461000000000
169,品客洋芋片,60,18,1692540137000000000
169,益生菌,150,5,1692540137000000000
169,肉骨湯麵,15,1,1692540137000000000
169,原萃綠茶,39,2,1692540137000000000
170,益生菌,150,13,1692541791000000000
170,原萃綠茶,39,13,1692541791000000000
170,品客洋芋片,60,3,1692541791000000000
171,原萃綠茶,39,17,1692542180000000000
171,益生菌,150,4,1692542180000000000
172,品客洋芋片,60,5,1692544084000000000
172,肉骨湯麵,15,3,1692544084000000000
172,原萃綠茶,39,2,1692544084000000000
173,原萃綠茶,39,1,1692545412000000000
173,肉骨湯麵,15,4,1692545412000000000
173,品客洋芋片,60,5,1692545412000000000
174,品客洋芋片,60,8,1692546951000000000
174,益生菌,150,6,1692546951000000000
174,肉骨湯麵,15,3,1692546951000000000
174,原萃綠茶,39,4,1692546951000000000
175,品客洋芋片,60,18,1692550776000000000
175,原萃綠茶,39,2,1692550776000000000
175,肉骨湯麵,15,4,1692550776000000000
176,益生菌,150,3,1692552889000000000
176,肉骨湯麵,15,1,1692552889000000000
176,原萃綠茶,39,5,1692552889000000000
176,品客洋芋片,60,6,1692552889000000000
177,原萃綠茶,39,5,1692553583000000000
177,益生菌,150,4,1692553583000000000
177,品客洋芋片,60,3,1692553583000000000
178,益生菌,150,3,1692558504000000000
178,肉骨湯麵,15,4,1692558504000000000
179,益生菌,150,2,1692561151000000000
179,品客洋芋片,60,13,1692561151000000000
179,肉骨湯麵,15,4,1692561151000000000
180,品客洋芋片,60,1,1692561243000000000
180,肉骨湯麵,15,6,1692561243000000000
181,原萃綠茶,39,4,1692561721000000000
181,品客洋芋片,60,16,1692561721000000000
182,品客洋芋片,60,3,1692564638000000000
183,原萃綠茶,39,2,1692610356000000000
183,品客洋芋片,60,5,1692610356000000000
183,肉骨湯麵,15,1,1692610356000000000
184,原萃綠茶,39,6,1692611181000000000
184,肉骨湯麵,15,5,1692611181000000000
184,益生菌,150,12,1692611181000000000
184,品客洋芋片,60,6,1692611181000000000
185,益生菌,150,15,1692612188000000000
185,肉骨湯麵,15,1,1692612188000000000
185,原萃綠茶,39,1,1692612188000000000
185,品客洋芋片,60,6,1692612188000000000
186,益生菌,150,1,1692613773000000000
187,益生菌,150,7,1692614007000000000
187,肉骨湯麵,15,5,1692614007000000000
187,品客洋芋片,60,3,1692614007000000000
187,原萃綠茶,39,2,1692614007000000000
188,肉骨湯麵,15,11,1692614059000000000
188,益生菌,150,18,1692614059000000000
188,原萃綠茶,39,1,1692614059000000000
188,品客洋芋片,60,5,1692614059000000000
189,益生菌,150,2,1692617005000000000
189,肉骨湯麵,15,11,1692617005000000000
190,原萃綠茶,39,1,1692619467000000000
191,益生菌,150,2,1692620455000000000
191,品客洋芋片,60,6,1692620455000000000
191,肉骨湯麵,15,2,1692620455000000000
191,原萃綠茶,39,4,1692620455000000000
192,益生菌,150,1,1692620545000000000
192,原萃綠茶,39,1,1692620545000000000
192,品客洋芋片,60,3,1692620545000000000
192,肉骨湯麵,15,3,1692620545000000000
193,品客洋芋片,60,2,1692621016000000000
194,品客洋芋片,60,3,1692621675000000000
194,原萃綠茶,39,2,1692621675000000000
195,益生菌,150,6,1692621678000000000
195,原萃綠茶,39,1,1692621678000000000
196,益生菌,150,12,1692622529000000000
196,原萃綠茶,39,5,1692622529000000000
197,原萃綠茶,39,6,1692623558000000000
197,品客洋芋片,60,4,1692623558000000000
197,肉骨湯麵,15,13,1692623558000000000
197,益生菌,150,9,1692623558000000000
198,品客洋芋片,60,5,1692624413000000000
198,原萃綠茶,39,2,1692624413000000000
198,肉骨湯麵,15,4,1692624413000000000
199,品客洋芋片,60,6,1692624507000000000
199,益生菌,150,6,1692624507000000000
199,原萃綠茶,39,7,1692624507000000000
200,益生菌,150,4,1692625081000000000
200,原萃綠茶,39,5,1692625081000000000
200,品客洋芋片,60,5,1692625081000000000
201,品客洋芋片,60,6,1692626070000000000
201,益生菌,150,5,1692626070000000000
202,原萃綠茶,39,6,1692626112000000000
202,肉骨湯麵,15,3,1692626112000000000
202,品客洋芋片,60,4,1692626112000000000
203,肉骨湯麵,15,3,1692626343000000000
203,品客洋芋片,60,5,1692626343000000000
203,益生菌,150,6,1692626343000000000
203,原萃綠茶,39,3,1692626343000000000
204,益生菌,150,5,1692627773000000000
204,品客洋芋片,60,6,1692627773000000000
205,肉骨湯麵,15,9,1692627876000000000
205,益生菌,150,3,1692627876000000000
205,品客洋芋片,60,4,1692627876000000000
206,原萃綠茶,39,3,1692629041000000000
206,益生菌,150,3,1692629041000000000
207,肉骨湯麵,15,17,1692629251000000000
207,原萃綠茶,39,16,1692629251000000000
207,品客洋芋片,60,1,1692629251000000000
208,肉骨湯麵,15,4,1692630913000000000
208,益生菌,150,5,1692630913000000000
209,原萃綠茶,39,4,1692633629000000000
210,品客洋芋片,60,5,1692635181000000000
210,肉骨湯麵,15,2,1692635181000000000
211,品客洋芋片,60,6,1692638106000000000
212,益生菌,150,6,1692638522000000000
212,原萃綠茶,39,5,1692638522000000000
213,益生菌,150,14,1692638731000000000
213,肉骨湯麵,15,4,1692638731000000000
213,品客洋芋片,60,13,1692638731000000000
214,原萃綠茶,39,4,1692638770000000000
215,品客洋芋片,60,2,1692639897000000000
215,益生菌,150,4,1692639897000000000
215,原萃綠茶,39,9,1692639897000000000
216,原萃綠茶,39,20,1692641569000000000
216,肉骨湯麵,15,5,1692641569000000000
216,品客洋芋片,60,2,1692641569000000000
217,原萃綠茶,39,2,1692643571000000000
217,益生菌,150,4,1692643571000000000
217,品客洋芋片,60,15,1692643571000000000
218,品客洋芋片,60,5,1692646301000000000
219,益生菌,150,13,1692646774000000000
219,品客洋芋片,60,1,1692646774000000000
220,益生菌,150,2,1692647221000000000
220,原萃綠茶,39,1,1692647221000000000
220,肉骨湯麵,15,2,1692647221000000000
220,品客洋芋片,60,2,1692647221000000000
221,原萃綠茶,39,4,1692647586000000000
221,益生菌,150,3,1692647586000000000
221,品客洋芋片,60,14,1692647586000000000
221,肉骨湯麵,15,2,1692647586000000000
222,品客洋芋片,60,11,1692650863000000000
223,肉骨湯麵,15,6,1692696713000000000
224,原萃綠茶,39,20,1692698655000000000
224,肉骨湯麵,15,5,1692698655000000000
224,品客洋芋片,60,3,1692698655000000000
224,益生菌,150,14,1692698655000000000
225,益生菌,150,6,1692705903000000000
225,原萃綠茶,39,5,1692705903000000000
226,益生菌,150,6,1692706269000000000
227,原萃綠茶,39,6,1692707696000000000
227,品客洋芋片,60,6,1692707696000000000
227,肉骨湯麵,15,2,1692707696000000000
227,益生菌,150,4,1692707696000000000
228,益生菌,150,4,1692708086000000000
229,品客洋芋片,60,1,1692708597000000000
229,益生菌,150,4,1692708597000000000
229,原萃綠茶,39,14,1692708597000000000
230,品客洋芋片,60,2,1692709455000000000
230,原萃綠茶,39,1,1692709455000000000
231,肉骨湯麵,15,5,1692709483000000000
231,原萃綠茶,39,2,1692709483000000000
232,品客洋芋片,60,3,1692710662000000000
232,原萃綠茶,39,16,1692710662000000000
232,肉骨湯麵,15,16,1692710662000000000
233,肉骨湯麵,15,6,1692711657000000000
233,益生菌,150,3,1692711657000000000
233,品客洋芋片,60,5,1692711657000000000
234,品客洋芋片,60,15,1692711761000000000
235,益生菌,150,6,1692712288000000000
236,肉骨湯麵,15,19,1692712772000000000
236,品客洋芋片,60,8,1692712772000000000
237,肉骨湯麵,15,2,1692713689000000000
237,原萃綠茶,39,3,1692713689000000000
238,肉骨湯麵,15,4,1692714974000000000
238,原萃綠茶,39,6,1692714974000000000
238,品客洋芋片,60,11,1692714974000000000
238,益生菌,150,19,1692714974000000000
239,益生菌,150,1,1692715207000000000
240,肉骨湯麵,15,1,1692715666000000000
240,益生菌,150,5,1692715666000000000
240,原萃綠茶,39,5,1692715666000000000
240,品客洋芋片,60,9,1692715666000000000
241,肉骨湯麵,15,2,1692717007000000000
242,肉骨湯麵,15,2,1692717267000000000
243,益生菌,150,3,1692717353000000000
243,肉骨湯麵,15,19,1692717353000000000
244,益生菌,150,15,1692718173000000000
244,原萃綠茶,39,3,1692718173000000000
244,品客洋芋片,60,14,1692718173000000000
244,肉骨湯麵,15,17,1692718173000000000
245,益生菌,150,4,1692719647000000000
245,品客洋芋片,60,5,1692719647000000000
246,肉骨湯麵,15,10,1692720025000000000
247,品客洋芋片,60,3,1692720705000000000
247,原萃綠茶,39,7,1692720705000000000
247,肉骨湯麵,15,3,1692720705000000000
248,益生菌,150,5,1692721572000000000
249,品客洋芋片,60,1,1692721761000000000
249,原萃綠茶,39,17,1692721761000000000
249,益生菌,150,5,1692721761000000000
249,肉骨湯麵,15,6,1692721761000000000
250,原萃綠茶,39,6,1692722469000000000
250,益生菌,150,6,1692722469000000000
250,品客洋芋片,60,1,1692722469000000000
251,品客洋芋片,60,1,1692723287000000000
251,益生菌,150,2,1692723287000000000
252,益生菌,150,6,1692723692000000000
252,品客洋芋片,60,5,1692723692000000000
253,益生菌,150,9,1692724354000000000
253,肉骨湯麵,15,15,1692724354000000000
254,原萃綠茶,39,2,1692726274000000000
254,肉骨湯麵,15,2,1692726274000000000
254,益生菌,150,2,1692726274000000000
254,品客洋芋片,60,4,1692726274000000000
255,肉骨湯麵,15,8,1692726480000000000
256,品客洋芋片,60,6,1692729216000000000
256,益生菌,150,2,1692729216000000000
256,原萃綠茶,39,5,1692729216000000000
256,肉骨湯麵,15,2,1692729216000000000
257,肉骨湯麵,15,6,1692731272000000000
257,原萃綠茶,39,2,1692731272000000000
257,益生菌,150,4,1692731272000000000
258,品客洋芋片,60,4,1692731605000000000
258,益生菌,150,3,1692731605000000000
259,益生菌,150,4,1692733467000000000
259,品客洋芋片,60,5,1692733467000000000
259,原萃綠茶,39,9,1692733467000000000
259,肉骨湯麵,15,1,1692733467000000000
260,原萃綠茶,39,5,1692733817000000000
261,品客洋芋片,60,6,1692734392000000000
261,原萃綠茶,39,11,1692734392000000000
262,肉骨湯麵,15,4,1692736239000000000
262,益生菌,150,4,1692736239000000000
262,原萃綠茶,39,20,1692736239000000000
263,肉骨湯麵,15,1,1692781633000000000
263,品客洋芋片,60,5,1692781633000000000
263,原萃綠茶,39,1,1692781633000000000
263,益生菌,150,4,1692781633000000000
264,益生菌,150,1,1692782965000000000
264,品客洋芋片,60,6,1692782965000000000
264,原萃綠茶,39,6,1692782965000000000
265,品客洋芋片,60,2,1692783483000000000
265,益生菌,150,6,1692783483000000000
265,肉骨湯麵,15,6,1692783483000000000
265,原萃綠茶,39,5,1692783483000000000
266,品客洋芋片,60,10,1692785030000000000
267,肉骨湯麵,15,19,1692786120000000000
267,原萃綠茶,39,6,1692786120000000000
267,品客洋芋片,60,1,1692786120000000000
267,益生菌,150,15,1692786120000000000
268,益生菌,150,2,1692791592000000000
268,肉骨湯麵,15,1,1692791592000000000
269,益生菌,150,3,1692791970000000000
269,原萃綠茶,39,6,1692791970000000000
269,肉骨湯麵,15,2,1692791970000000000
270,益生菌,150,11,1692792313000000000
270,品客洋芋片,60,3,1692792313000000000
270,肉骨湯麵,15,4,1692792313000000000
271,益生菌,150,3,1692792383000000000
272,原萃綠茶,39,5,1692792484000000000
272,肉骨湯麵,15,15,1692792484000000000
272,品客洋芋片,60,6,1692792484000000000
272,益生菌,150,3,1692792484000000000
273,益生菌,150,6,1692793736000000000
273,原萃綠茶,39,5,1692793736000000000
273,肉骨湯麵,15,5,1692793736000000000
274,益生菌,150,18,1692794081000000000
274,品客洋芋片,60,15,1692794081000000000
274,原萃綠茶,39,2,1692794081000000000
274,肉骨湯麵,15,10,1692794081000000000
275,原萃綠茶,39,7,1692794661000000000
276,益生菌,150,3,1692795451000000000
276,原萃綠茶,39,4,1692795451000000000
277,益生菌,150,6,1692796595000000000
277,肉骨湯麵,15,18,1692796595000000000
277,品客洋芋片,60,2,1692796595000000000
277,原萃綠茶,39,3,1692796595000000000
278,原萃綠茶,39,6,1692796783000000000
279,品客洋芋片,60,16,1692797031000000000
279,肉骨湯麵,15,20,1692797031000000000
279,益生菌,150,6,1692797031000000000
280,肉骨湯麵,15,3,1692797508000000000
281,原萃綠茶,39,2,1692797917000000000
281,肉骨湯麵,15,1,1692797917000000000
281,品客洋芋片,60,4,1692797917000000000
281,益生菌,150,4,1692797917000000000
282,肉骨湯麵,15,2,1692797981000000000
283,原萃綠茶,39,1,1692800578000000000
284,肉骨湯麵,15,8,1692802011000000000
284,品客洋芋片,60,14,1692802011000000000
284,益生菌,150,2,1692802011000000000
284,原萃綠茶,39,6,1692802011000000000
285,肉骨湯麵,15,17,1692802704000000000
285,品客洋芋片,60,2,1692802704000000000
285,益生菌,150,4,1692802704000000000
286,品客洋芋片,60,2,1692803098000000000
286,原萃綠茶,39,8,1692803098000000000
287,品客洋芋片,60,2,1692804022000000000
287,肉骨湯麵,15,2,1692804022000000000
288,肉骨湯麵,15,18,1692804661000000000
288,品客洋芋片,60,4,1692804661000000000
288,益生菌,150,2,1692804661000000000
288,原萃綠茶,39,1,1692804661000000000
289,肉骨湯麵,15,3,1692806630000000000
290,原萃綠茶,39,4,1692807051000000000
291,品客洋芋片,60,5,1692807077000000000
291,原萃綠茶,39,6,1692807077000000000
291,益生菌,150,1,1692807077000000000
292,原萃綠茶,39,4,1692808097000000000
292,肉骨湯麵,15,5,1692808097000000000
293,益生菌,150,5,1692809025000000000
294,品客洋芋片,60,16,1692809172000000000
294,肉骨湯麵,15,4,1692809172000000000
295,原萃綠茶,39,4,1692809751000000000
295,益生菌,150,4,1692809751000000000
296,品客洋芋片,60,3,1692811581000000000
297,品客洋芋片,60,9,1692812582000000000
297,肉骨湯麵,15,5,1692812582000000000
297,益生菌,150,4,1692812582000000000
298,原萃綠茶,39,1,1692813506000000000
298,益生菌,150,19,1692813506000000000
299,肉骨湯麵,15,4,1692814996000000000
299,品客洋芋片,60,3,1692814996000000000
300,原萃綠茶,39,2,1692815741000000000
300,益生菌,150,20,1692815741000000000
300,品客洋芋片,60,2,1692815741000000000
300,肉骨湯麵,15,3,1692815741000000000
301,原萃綠茶,39,13,1692819854000000000
301,益生菌,150,3,1692819854000000000
301,肉骨湯麵,15,4,1692819854000000000
302,肉骨湯麵,15,4,1692820360000000000
302,益生菌,150,1,1692820360000000000
302,品客洋芋片,60,2,1692820360000000000
302,原萃綠茶,39,4,1692820360000000000
303,肉骨湯麵,15,1,1692823513000000000
303,益生菌,150,5,1692823513000000000
304,益生菌,150,4,1692823703000000000
304,原萃綠茶,39,4,1692823703000000000
305,原萃綠茶,39,6,1692823973000000000
305,肉骨湯麵,15,4,1692823973000000000
306,益生菌,150,6,1692867659000000000
307,肉骨湯麵,15,12,1692868012000000000
308,品客洋芋片,60,3,1692870420000000000
308,肉骨湯麵,15,5,1692870420000000000
309,品客洋芋片,60,1,1692871124000000000
309,原萃綠茶,39,13,1692871124000000000
310,肉骨湯麵,15,3,1692871461000000000
310,益生菌,150,3,1692871461000000000
310,原萃綠茶,39,5,1692871461000000000
310,品客洋芋片,60,19,1692871461000000000
311,益生菌,150,4,1692871926000000000
311,品客洋芋片,60,6,1692871926000000000
311,肉骨湯麵,15,5,1692871926000000000
311,原萃綠茶,39,1,1692871926000000000
312,品客洋芋片,60,18,1692872673000000000
312,益生菌,150,3,1692872673000000000
312,肉骨湯麵,15,2,1692872673000000000
313,益生菌,150,6,1692874683000000000
313,品客洋芋片,60,4,1692874683000000000
313,肉骨湯麵,15,4,1692874683000000000
313,原萃綠茶,39,5,1692874683000000000
314,品客洋芋片,60,2,1692875065000000000
315,肉骨湯麵,15,2,1692875215000000000
315,原萃綠茶,39,13,1692875215000000000
315,品客洋芋片,60,3,1692875215000000000
315,益生菌,150,5,1692875215000000000
316,原萃綠茶,39,3,1692879337000000000
316,益生菌,150,6,1692879337000000000
317,益生菌,150,1,1692879916000000000
317,原萃綠茶,39,5,1692879916000000000
317,品客洋芋片,60,20,1692879916000000000
318,益生菌,150,4,1692880104000000000
318,肉骨湯麵,15,5,1692880104000000000
319,品客洋芋片,60,14,1692881444000000000
319,肉骨湯麵,15,2,1692881444000000000
319,原萃綠茶,39,4,1692881444000000000
320,原萃綠茶,39,2,1692881446000000000
320,益生菌,150,5,1692881446000000000
321,品客洋芋片,60,2,1692881784000000000
322,原萃綠茶,39,4,1692882031000000000
322,品客洋芋片,60,18,1692882031000000000
322,益生菌,150,15,1692882031000000000
322,肉骨湯麵,15,5,1692882031000000000
323,肉骨湯麵,15,1,1692883872000000000
323,原萃綠茶,39,5,1692883872000000000
323,品客洋芋片,60,1,1692883872000000000
323,益生菌,150,3,1692883872000000000
324,品客洋芋片,60,19,1692884481000000000
325,益生菌,150,8,1692885906000000000
325,品客洋芋片,60,5,1692885906000000000
326,原萃綠茶,39,9,1692886667000000000
326,肉骨湯麵,15,2,1692886667000000000
327,肉骨湯麵,15,3,1692887077000000000
327,原萃綠茶,39,6,1692887077000000000
327,品客洋芋片,60,3,1692887077000000000
327,益生菌,150,6,1692887077000000000
328,益生菌,150,5,1692887463000000000
328,品客洋芋片,60,2,1692887463000000000
329,益生菌,150,20,1692887552000000000
329,肉骨湯麵,15,3,1692887552000000000
330,品客洋芋片,60,9,1692890685000000000
330,益生菌,150,7,1692890685000000000
330,原萃綠茶,39,4,1692890685000000000
330,肉骨湯麵,15,5,1692890685000000000
331,原萃綠茶,39,3,1692891419000000000
331,品客洋芋片,60,5,1692891419000000000
331,肉骨湯麵,15,5,1692891419000000000
332,原萃綠茶,39,1,1692891627000000000
333,原萃綠茶,39,16,1692891684000000000
333,肉骨湯麵,15,5,1692891684000000000
333,益生菌,150,3,1692891684000000000
334,原萃綠茶,39,6,1692892714000000000
334,肉骨湯麵,15,5,1692892714000000000
335,益生菌,150,6,1692894104000000000
335,品客洋芋片,60,10,1692894104000000000
335,肉骨湯麵,15,1,1692894104000000000
336,品客洋芋片,60,19,1692894118000000000
336,肉骨湯麵,15,3,1692894118000000000
336,原萃綠茶,39,17,1692894118000000000
337,原萃綠茶,39,8,1692894588000000000
337,肉骨湯麵,15,19,1692894588000000000
337,益生菌,150,11,1692894588000000000
338,肉骨湯麵,15,5,1692895562000000000
338,品客洋芋片,60,4,1692895562000000000
338,益生菌,150,3,1692895562000000000
338,原萃綠茶,39,3,1692895562000000000
339,肉骨湯麵,15,1,1692895574000000000
339,品客洋芋片,60,2,1692895574000000000
339,原萃綠茶,39,1,1692895574000000000
339,益生菌,150,1,1692895574000000000
340,原萃綠茶,39,6,1692895662000000000
340,肉骨湯麵,15,6,1692895662000000000
340,品客洋芋片,60,2,1692895662000000000
340,益生菌,150,10,1692895662000000000
341,原萃綠茶,39,1,1692896451000000000
341,益生菌,150,2,1692896451000000000
341,肉骨湯麵,15,5,1692896451000000000
341,品客洋芋片,60,5,1692896451000000000
342,品客洋芋片,60,3,1692897192000000000
342,原萃綠茶,39,4,1692897192000000000
343,肉骨湯麵,15,3,1692897833000000000
343,原萃綠茶,39,4,1692897833000000000
344,原萃綠茶,39,4,1692898525000000000
344,益生菌,150,2,1692898525000000000
344,品客洋芋片,60,4,1692898525000000000
344,肉骨湯麵,15,4,1692898525000000000
345,品客洋芋片,60,3,1692901080000000000
345,益生菌,150,2,1692901080000000000
346,原萃綠茶,39,18,1692901904000000000
346,肉骨湯麵,15,20,1692901904000000000
346,品客洋芋片,60,4,1692901904000000000
347,原萃綠茶,39,5,1692902220000000000
347,益生菌,150,1,1692902220000000000
348,肉骨湯麵,15,5,1692902390000000000
348,品客洋芋片,60,3,1692902390000000000
348,原萃綠茶,39,3,1692902390000000000
349,原萃綠茶,39,6,1692902499000000000
350,益生菌,150,6,1692902691000000000
351,益生菌,150,2,1692903753000000000
351,原萃綠茶,39,16,1692903753000000000
352,益生菌,150,6,1692903873000000000
352,品客洋芋片,60,1,1692903873000000000
352,肉骨湯麵,15,3,1692903873000000000
353,品客洋芋片,60,5,1692904863000000000
353,原萃綠茶,39,4,1692904863000000000
353,益生菌,150,6,1692904863000000000
353,肉骨湯麵,15,2,1692904863000000000
354,肉骨湯麵,15,6,1692905947000000000
354,品客洋芋片,60,3,1692905947000000000
354,原萃綠茶,39,2,1692905947000000000
355,品客洋芋片,60,9,1692905990000000000
355,肉骨湯麵,15,2,1692905990000000000
355,益生菌,150,4,1692905990000000000
356,原萃綠茶,39,5,1692906791000000000
356,益生菌,150,5,1692906791000000000
356,肉骨湯麵,15,2,1692906791000000000
356,品客洋芋片,60,1,1692906791000000000
357,品客洋芋片,60,1,1692906971000000000
358,益生菌,150,1,1692908374000000000
358,肉骨湯麵,15,8,1692908374000000000
358,原萃綠茶,39,13,1692908374000000000
358,品客洋芋片,60,1,1692908374000000000
359,肉骨湯麵,15,4,1692910083000000000
359,原萃綠茶,39,5,1692910083000000000
359,益生菌,150,6,1692910083000000000
360,品客洋芋片,60,3,1692910152000000000
360,肉骨湯麵,15,3,1692910152000000000
361,益生菌,150,7,1692954109000000000
362,原萃綠茶,39,6,1692959020000000000
362,品客洋芋片,60,6,1692959020000000000
363,原萃綠茶,39,2,1692959206000000000
363,肉骨湯麵,15,2,1692959206000000000
363,益生菌,150,13,1692959206000000000
364,益生菌,150,14,1692963079000000000
364,肉骨湯麵,15,18,1692963079000000000
364,品客洋芋片,60,1,1692963079000000000
364,原萃綠茶,39,5,1692963079000000000
365,品客洋芋片,60,5,1692965207000000000
365,益生菌,150,1,1692965207000000000
366,品客洋芋片,60,3,1692967456000000000
366,益生菌,150,5,1692967456000000000
366,肉骨湯麵,15,4,1692967456000000000
367,原萃綠茶,39,12,1692968346000000000
367,益生菌,150,5,1692968346000000000
368,品客洋芋片,60,6,1692968856000000000
368,原萃綠茶,39,6,1692968856000000000
368,肉骨湯麵,15,1,1692968856000000000
369,益生菌,150,2,1692969074000000000
370,原萃綠茶,39,17,1692969220000000000
370,品客洋芋片,60,4,1692969220000000000
370,益生菌,150,6,1692969220000000000
370,肉骨湯麵,15,5,1692969220000000000
371,益生菌,150,20,1692970483000000000
371,原萃綠茶,39,4,1692970483000000000
371,品客洋芋片,60,10,1692970483000000000
372,肉骨湯麵,15,5,1692971583000000000
372,原萃綠茶,39,16,1692971583000000000
372,品客洋芋片,60,2,1692971583000000000
372,益生菌,150,5,1692971583000000000
373,益生菌,150,2,1692972442000000000
373,肉骨湯麵,15,2,1692972442000000000
373,原萃綠茶,39,3,1692972442000000000
374,品客洋芋片,60,18,1692972504000000000
374,原萃綠茶,39,2,1692972504000000000
375,品客洋芋片,60,3,1692972881000000000
376,原萃綠茶,39,4,1692972943000000000
376,肉骨湯麵,15,3,1692972943000000000
376,益生菌,150,4,1692972943000000000
376,品客洋芋片,60,5,1692972943000000000
377,肉骨湯麵,15,6,1692974359000000000
377,品客洋芋片,60,2,1692974359000000000
378,益生菌,150,1,1692975037000000000
379,原萃綠茶,39,15,1692975697000000000
379,益生菌,150,3,1692975697000000000
380,原萃綠茶,39,5,1692976559000000000
381,益生菌,150,8,1692976581000000000
382,原萃綠茶,39,4,1692976753000000000
382,肉骨湯麵,15,2,1692976753000000000
382,益生菌,150,5,1692976753000000000
382,品客洋芋片,60,5,1692976753000000000
383,原萃綠茶,39,3,1692979289000000000
383,肉骨湯麵,15,4,1692979289000000000
383,益生菌,150,5,1692979289000000000
383,品客洋芋片,60,3,1692979289000000000
384,品客洋芋片,60,6,1692980211000000000
384,益生菌,150,3,1692980211000000000
384,原萃綠茶,39,6,1692980211000000000
384,肉骨湯麵,15,3,1692980211000000000
385,品客洋芋片,60,5,1692982166000000000
385,肉骨湯麵,15,2,1692982166000000000
386,益生菌,150,5,1692983090000000000
386,品客洋芋片,60,4,1692983090000000000
386,肉骨湯麵,15,4,1692983090000000000
386,原萃綠茶,39,5,1692983090000000000
387,品客洋芋片,60,11,1692983314000000000
387,原萃綠茶,39,2,1692983314000000000
387,益生菌,150,18,1692983314000000000
387,肉骨湯麵,15,4,1692983314000000000
388,肉骨湯麵,15,1,1692984858000000000
389,肉骨湯麵,15,10,1692985783000000000
389,益生菌,150,5,1692985783000000000
389,品客洋芋片,60,9,1692985783000000000
389,原萃綠茶,39,6,1692985783000000000
390,肉骨湯麵,15,3,1692988302000000000
390,原萃綠茶,39,4,1692988302000000000
390,益生菌,150,5,1692988302000000000
390,品客洋芋片,60,6,1692988302000000000
391,原萃綠茶,39,9,1692992721000000000
391,益生菌,150,2,1692992721000000000
392,品客洋芋片,60,8,1692995828000000000
392,益生菌,150,3,1692995828000000000
393,益生菌,150,5,1693041754000000000
394,益生菌,150,5,1693043354000000000
394,原萃綠茶,39,5,1693043354000000000
394,品客洋芋片,60,6,1693043354000000000
394,肉骨湯麵,15,2,1693043354000000000
395,益生菌,150,5,1693043764000000000
395,原萃綠茶,39,6,1693043764000000000
396,肉骨湯麵,15,2,1693043767000000000
396,品客洋芋片,60,2,1693043767000000000
397,品客洋芋片,60,2,1693044485000000000
397,原萃綠茶,39,18,1693044485000000000
397,肉骨湯麵,15,4,1693044485000000000
398,原萃綠茶,39,6,1693045084000000000
399,品客洋芋片,60,1,1693045142000000000
399,益生菌,150,6,1693045142000000000
399,肉骨湯麵,15,5,1693045142000000000
400,品客洋芋片,60,4,1693046437000000000
400,肉骨湯麵,15,7,1693046437000000000
400,益生菌,150,5,1693046437000000000
401,原萃綠茶,39,5,1693047714000000000
401,肉骨湯麵,15,18,1693047714000000000
402,品客洋芋片,60,6,1693050712000000000
403,益生菌,150,5,1693051082000000000
404,益生菌,150,5,1693051136000000000
405,益生菌,150,15,1693051822000000000
406,肉骨湯麵,15,4,1693051911000000000
406,益生菌,150,5,1693051911000000000
406,原萃綠茶,39,4,1693051911000000000
406,品客洋芋片,60,17,1693051911000000000
407,肉骨湯麵,15,4,1693052147000000000
407,品客洋芋片,60,2,1693052147000000000
407,原萃綠茶,39,2,1693052147000000000
407,益生菌,150,18,1693052147000000000
408,品客洋芋片,60,4,1693052355000000000
408,益生菌,150,2,1693052355000000000
408,肉骨湯麵,15,4,1693052355000000000
408,原萃綠茶,39,3,1693052355000000000
409,原萃綠茶,39,13,1693053681000000000
410,肉骨湯麵,15,1,1693054135000000000
410,原萃綠茶,39,2,1693054135000000000
411,品客洋芋片,60,2,1693054251000000000
411,益生菌,150,19,1693054251000000000
411,肉骨湯麵,15,1,1693054251000000000
412,益生菌,150,5,1693054584000000000
412,肉骨湯麵,15,6,1693054584000000000
413,益生菌,150,2,1693054964000000000
413,原萃綠茶,39,3,1693054964000000000
413,肉骨湯麵,15,4,1693054964000000000
413,品客洋芋片,60,4,1693054964000000000
414,品客洋芋片,60,3,1693055447000000000
414,肉骨湯麵,15,2,1693055447000000000
414,益生菌,150,6,1693055447000000000
414,原萃綠茶,39,16,1693055447000000000
415,原萃綠茶,39,6,1693056810000000000
415,益生菌,150,3,1693056810000000000
415,品客洋芋片,60,8,1693056810000000000
415,肉骨湯麵,15,2,1693056810000000000
416,品客洋芋片,60,2,1693057007000000000
416,原萃綠茶,39,3,1693057007000000000
416,肉骨湯麵,15,4,1693057007000000000
416,益生菌,150,5,1693057007000000000
417,肉骨湯麵,15,4,1693057172000000000
418,肉骨湯麵,15,1,1693057669000000000
418,原萃綠茶,39,11,1693057669000000000
418,益生菌,150,3,1693057669000000000
418,品客洋芋片,60,6,1693057669000000000
419,原萃綠茶,39,3,1693058843000000000
419,益生菌,150,3,1693058843000000000
419,品客洋芋片,60,1,1693058843000000000
420,益生菌,150,3,1693059295000000000
420,原萃綠茶,39,3,1693059295000000000
420,肉骨湯麵,15,1,1693059295000000000
420,品客洋芋片,60,3,1693059295000000000
421,品客洋芋片,60,5,1693059345000000000
422,品客洋芋片,60,3,1693059579000000000
422,肉骨湯麵,15,6,1693059579000000000
423,品客洋芋片,60,18,1693059658000000000
424,原萃綠茶,39,6,1693060515000000000
424,益生菌,150,6,1693060515000000000
425,原萃綠茶,39,1,1693060598000000000
425,益生菌,150,2,1693060598000000000
425,品客洋芋片,60,2,1693060598000000000
426,原萃綠茶,39,3,1693061233000000000
426,益生菌,150,19,1693061233000000000
427,益生菌,150,6,1693063725000000000
427,原萃綠茶,39,3,1693063725000000000
428,益生菌,150,5,1693064647000000000
429,原萃綠茶,39,9,1693064934000000000
429,益生菌,150,1,1693064934000000000
429,肉骨湯麵,15,2,1693064934000000000
430,肉骨湯麵,15,3,1693066080000000000
431,品客洋芋片,60,2,1693067126000000000
431,肉骨湯麵,15,6,1693067126000000000
431,原萃綠茶,39,5,1693067126000000000
431,益生菌,150,4,1693067126000000000
432,肉骨湯麵,15,1,1693067434000000000
432,益生菌,150,3,1693067434000000000
433,肉骨湯麵,15,1,1693068613000000000
433,品客洋芋片,60,3,1693068613000000000
434,原萃綠茶,39,20,1693068804000000000
435,品客洋芋片,60,17,1693070209000000000
435,肉骨湯麵,15,8,1693070209000000000
435,原萃綠茶,39,8,1693070209000000000
435,益生菌,150,1,1693070209000000000
436,品客洋芋片,60,4,1693070877000000000
436,肉骨湯麵,15,2,1693070877000000000
436,原萃綠茶,39,16,1693070877000000000
436,益生菌,150,2,1693070877000000000
437,益生菌,150,1,1693070977000000000
437,原萃綠茶,39,1,1693070977000000000
437,品客洋芋片,60,1,1693070977000000000
438,品客洋芋片,60,6,1693073033000000000
439,品客洋芋片,60,2,1693073256000000000
439,肉骨湯麵,15,6,1693073256000000000
440,品客洋芋片,60,4,1693074998000000000
440,肉骨湯麵,15,4,1693074998000000000
440,原萃綠茶,39,1,1693074998000000000
440,益生菌,150,5,1693074998000000000
441,品客洋芋片,60,4,1693075651000000000
441,益生菌,150,4,1693075651000000000
442,益生菌,150,4,1693075709000000000
442,原萃綠茶,39,3,1693075709000000000
442,品客洋芋片,60,3,1693075709000000000
442,肉骨湯麵,15,5,1693075709000000000
443,品客洋芋片,60,6,1693076197000000000
443,肉骨湯麵,15,3,1693076197000000000
443,原萃綠茶,39,4,1693076197000000000
444,益生菌,150,1,1693076763000000000
444,品客洋芋片,60,3,1693076763000000000
444,原萃綠茶,39,4,1693076763000000000
445,肉骨湯麵,15,5,1693077882000000000
445,原萃綠茶,39,6,1693077882000000000
445,益生菌,150,4,1693077882000000000
445,品客洋芋片,60,4,1693077882000000000
446,肉骨湯麵,15,6,1693078275000000000
446,益生菌,150,4,1693078275000000000
447,原萃綠茶,39,9,1693078427000000000
448,益生菌,150,10,1693078559000000000
448,原萃綠茶,39,8,1693078559000000000
449,益生菌,150,5,1693079154000000000
450,肉骨湯麵,15,19,1693079484000000000
451,益生菌,150,1,1693079646000000000
451,肉骨湯麵,15,6,1693079646000000000
452,益生菌,150,16,1693079875000000000
452,原萃綠茶,39,4,1693079875000000000
452,品客洋芋片,60,2,1693079875000000000
453,益生菌,150,5,1693080007000000000
453,肉骨湯麵,15,1,1693080007000000000
453,品客洋芋片,60,13,1693080007000000000
454,益生菌,150,6,1693080126000000000
454,品客洋芋片,60,6,1693080126000000000
454,肉骨湯麵,15,3,1693080126000000000
454,原萃綠茶,39,2,1693080126000000000
455,品客洋芋片,60,1,1693080598000000000
455,原萃綠茶,39,10,1693080598000000000
456,肉骨湯麵,15,17,1693081031000000000
456,益生菌,150,5,1693081031000000000
456,原萃綠茶,39,2,1693081031000000000
457,品客洋芋片,60,6,1693081038000000000
457,肉骨湯麵,15,1,1693081038000000000
457,益生菌,150,15,1693081038000000000
457,原萃綠茶,39,13,1693081038000000000
458,肉骨湯麵,15,5,1693081711000000000
458,品客洋芋片,60,6,1693081711000000000
458,原萃綠茶,39,8,1693081711000000000
458,益生菌,150,4,1693081711000000000
459,品客洋芋片,60,1,1693081986000000000
460,益生菌,150,3,1693082026000000000
461,肉骨湯麵,15,5,1693083030000000000
461,原萃綠茶,39,5,1693083030000000000
461,品客洋芋片,60,3,1693083030000000000
461,益生菌,150,6,1693083030000000000
462,品客洋芋片,60,3,1693083404000000000
463,原萃綠茶,39,1,1693127087000000000
464,品客洋芋片,60,6,1693127232000000000
464,原萃綠茶,39,2,1693127232000000000
464,益生菌,150,2,1693127232000000000
465,品客洋芋片,60,5,1693132722000000000
465,原萃綠茶,39,6,1693132722000000000
465,肉骨湯麵,15,14,1693132722000000000
466,肉骨湯麵,15,6,1693135416000000000
466,品客洋芋片,60,4,1693135416000000000
466,益生菌,150,2,1693135416000000000
466,原萃綠茶,39,4,1693135416000000000
467,品客洋芋片,60,5,1693139352000000000
467,原萃綠茶,39,3,1693139352000000000
467,肉骨湯麵,15,3,1693139352000000000
467,益生菌,150,3,1693139352000000000
468,原萃綠茶,39,18,1693141239000000000
468,肉骨湯麵,15,3,1693141239000000000
468,品客洋芋片,60,8,1693141239000000000
469,肉骨湯麵,15,3,1693142355000000000
469,原萃綠茶,39,5,1693142355000000000
469,品客洋芋片,60,6,1693142355000000000
469,益生菌,150,6,1693142355000000000
470,原萃綠茶,39,7,1693142603000000000
470,品客洋芋片,60,4,1693142603000000000
471,品客洋芋片,60,3,1693144725000000000
472,原萃綠茶,39,2,1693145142000000000
473,益生菌,150,1,1693146399000000000
473,品客洋芋片,60,4,1693146399000000000
473,原萃綠茶,39,2,1693146399000000000
474,肉骨湯麵,15,17,1693146407000000000
474,品客洋芋片,60,4,1693146407000000000
474,益生菌,150,1,1693146407000000000
474,原萃綠茶,39,1,1693146407000000000
475,原萃綠茶,39,1,1693147692000000000
475,益生菌,150,2,1693147692000000000
475,品客洋芋片,60,2,1693147692000000000
475,肉骨湯麵,15,2,1693147692000000000
476,品客洋芋片,60,4,1693148200000000000
477,品客洋芋片,60,18,1693148317000000000
477,益生菌,150,6,1693148317000000000
477,肉骨湯麵,15,3,1693148317000000000
477,原萃綠茶,39,1,1693148317000000000
478,原萃綠茶,39,4,1693149444000000000
478,肉骨湯麵,15,17,1693149444000000000
478,品客洋芋片,60,2,1693149444000000000
479,肉骨湯麵,15,2,1693150173000000000
479,益生菌,150,2,1693150173000000000
480,品客洋芋片,60,3,1693152441000000000
480,益生菌,150,2,1693152441000000000
480,原萃綠茶,39,10,1693152441000000000
481,益生菌,150,5,1693152463000000000
482,肉骨湯麵,15,2,1693155041000000000
482,原萃綠茶,39,4,1693155041000000000
483,益生菌,150,5,1693155861000000000
483,原萃綠茶,39,4,1693155861000000000
483,肉骨湯麵,15,18,1693155861000000000
484,肉骨湯麵,15,1,1693155971000000000
485,益生菌,150,5,1693156863000000000
485,肉骨湯麵,15,3,1693156863000000000
485,品客洋芋片,60,7,1693156863000000000
485,原萃綠茶,39,3,1693156863000000000
486,原萃綠茶,39,2,1693158526000000000
486,品客洋芋片,60,4,1693158526000000000
487,肉骨湯麵,15,6,1693160094000000000
488,益生菌,150,5,1693160661000000000
488,肉骨湯麵,15,2,1693160661000000000
488,品客洋芋片,60,2,1693160661000000000
488,原萃綠茶,39,6,1693160661000000000
489,原萃綠茶,39,6,1693161577000000000
489,品客洋芋片,60,6,1693161577000000000
489,益生菌,150,20,1693161577000000000
490,益生菌,150,2,1693162132000000000
491,益生菌,150,6,1693162849000000000
491,原萃綠茶,39,6,1693162849000000000
492,益生菌,150,3,1693163522000000000
492,原萃綠茶,39,6,1693163522000000000
493,益生菌,150,5,1693164479000000000
493,肉骨湯麵,15,16,1693164479000000000
493,品客洋芋片,60,8,1693164479000000000
493,原萃綠茶,39,1,1693164479000000000
494,肉骨湯麵,15,2,1693166038000000000
494,益生菌,150,8,1693166038000000000
495,品客洋芋片,60,10,1693166244000000000
495,原萃綠茶,39,6,1693166244000000000
495,肉骨湯麵,15,6,1693166244000000000
495,益生菌,150,2,1693166244000000000
496,益生菌,150,1,1693166778000000000
497,益生菌,150,3,1693166826000000000
498,益生菌,150,3,1693166984000000000
498,品客洋芋片,60,13,1693166984000000000
499,品客洋芋片,60,7,1693167382000000000
499,原萃綠茶,39,1,1693167382000000000
499,益生菌,150,3,1693167382000000000
499,肉骨湯麵,15,1,1693167382000000000
500,品客洋芋片,60,4,1693168202000000000
501,肉骨湯麵,15,1,1693168485000000000
502,原萃綠茶,39,2,1693168515000000000
503,肉骨湯麵,15,1,1693168683000000000
503,原萃綠茶,39,18,1693168683000000000
503,品客洋芋片,60,1,1693168683000000000
503,益生菌,150,2,1693168683000000000
504,肉骨湯麵,15,2,1693168728000000000
504,益生菌,150,4,1693168728000000000
504,品客洋芋片,60,2,1693168728000000000
504,原萃綠茶,39,1,1693168728000000000
505,品客洋芋片,60,4,1693169074000000000
505,肉骨湯麵,15,2,1693169074000000000
505,原萃綠茶,39,3,1693169074000000000
506,原萃綠茶,39,5,1693213471000000000
506,品客洋芋片,60,6,1693213471000000000
506,肉骨湯麵,15,1,1693213471000000000
506,益生菌,150,5,1693213471000000000
507,原萃綠茶,39,2,1693218605000000000
507,品客洋芋片,60,4,1693218605000000000
507,肉骨湯麵,15,4,1693218605000000000
507,益生菌,150,3,1693218605000000000
508,肉骨湯麵,15,1,1693218972000000000
508,品客洋芋片,60,5,1693218972000000000
508,原萃綠茶,39,4,1693218972000000000
508,益生菌,150,2,1693218972000000000
509,品客洋芋片,60,9,1693219234000000000
509,肉骨湯麵,15,1,1693219234000000000
509,原萃綠茶,39,4,1693219234000000000
509,益生菌,150,2,1693219234000000000
510,肉骨湯麵,15,3,1693221358000000000
511,益生菌,150,1,1693223309000000000
512,益生菌,150,12,1693223831000000000
512,原萃綠茶,39,1,1693223831000000000
512,品客洋芋片,60,4,1693223831000000000
513,肉骨湯麵,15,20,1693223900000000000
513,品客洋芋片,60,3,1693223900000000000
514,品客洋芋片,60,1,1693224060000000000
514,益生菌,150,13,1693224060000000000
514,肉骨湯麵,15,16,1693224060000000000
515,品客洋芋片,60,1,1693224170000000000
515,肉骨湯麵,15,4,1693224170000000000
515,益生菌,150,2,1693224170000000000
515,原萃綠茶,39,17,1693224170000000000
516,原萃綠茶,39,6,1693224622000000000
516,品客洋芋片,60,1,1693224622000000000
516,肉骨湯麵,15,3,1693224622000000000
516,益生菌,150,2,1693224622000000000
517,原萃綠茶,39,2,1693225035000000000
517,肉骨湯麵,15,3,1693225035000000000
518,原萃綠茶,39,11,1693225322000000000
518,品客洋芋片,60,4,1693225322000000000
519,原萃綠茶,39,5,1693225678000000000
519,肉骨湯麵,15,3,1693225678000000000
520,肉骨湯麵,15,3,1693226452000000000
521,原萃綠茶,39,4,1693226526000000000
521,益生菌,150,18,1693226526000000000
521,肉骨湯麵,15,4,1693226526000000000
522,原萃綠茶,39,2,1693227462000000000
523,品客洋芋片,60,4,1693227593000000000
523,原萃綠茶,39,5,1693227593000000000
523,益生菌,150,4,1693227593000000000
523,肉骨湯麵,15,2,1693227593000000000
524,原萃綠茶,39,5,1693228908000000000
525,原萃綠茶,39,3,1693228941000000000
525,益生菌,150,4,1693228941000000000
525,品客洋芋片,60,3,1693228941000000000
526,品客洋芋片,60,4,1693230701000000000
526,肉骨湯麵,15,1,1693230701000000000
527,品客洋芋片,60,5,1693230715000000000
528,品客洋芋片,60,4,1693230953000000000
528,肉骨湯麵,15,1,1693230953000000000
528,益生菌,150,2,1693230953000000000
528,原萃綠茶,39,4,1693230953000000000
529,原萃綠茶,39,5,1693230973000000000
529,品客洋芋片,60,17,1693230973000000000
530,益生菌,150,4,1693230977000000000
531,原萃綠茶,39,6,1693231155000000000
531,肉骨湯麵,15,5,1693231155000000000
531,益生菌,150,2,1693231155000000000
532,肉骨湯麵,15,9,1693231678000000000
532,品客洋芋片,60,11,1693231678000000000
533,品客洋芋片,60,17,1693231902000000000
534,肉骨湯麵,15,2,1693232780000000000
534,原萃綠茶,39,2,1693232780000000000
534,益生菌,150,13,1693232780000000000
535,品客洋芋片,60,9,1693233563000000000
535,肉骨湯麵,15,11,1693233563000000000
536,肉骨湯麵,15,14,1693234764000000000
536,品客洋芋片,60,4,1693234764000000000
537,品客洋芋片,60,3,1693235103000000000
537,益生菌,150,5,1693235103000000000
537,肉骨湯麵,15,6,1693235103000000000
538,肉骨湯麵,15,17,1693235919000000000
538,原萃綠茶,39,11,1693235919000000000
539,品客洋芋片,60,12,1693236670000000000
539,肉骨湯麵,15,12,1693236670000000000
539,原萃綠茶,39,5,1693236670000000000
540,肉骨湯麵,15,3,1693238702000000000
540,益生菌,150,3,1693238702000000000
540,原萃綠茶,39,4,1693238702000000000
540,品客洋芋片,60,3,1693238702000000000
541,益生菌,150,9,1693238898000000000
542,益生菌,150,10,1693239366000000000
542,肉骨湯麵,15,1,1693239366000000000
542,原萃綠茶,39,1,1693239366000000000
543,益生菌,150,6,1693240650000000000
543,肉骨湯麵,15,6,1693240650000000000
543,品客洋芋片,60,14,1693240650000000000
543,原萃綠茶,39,3,1693240650000000000
544,益生菌,150,3,1693240811000000000
544,原萃綠茶,39,6,1693240811000000000
545,益生菌,150,6,1693242141000000000
546,原萃綠茶,39,4,1693242263000000000
547,益生菌,150,4,1693242490000000000
547,原萃綠茶,39,6,1693242490000000000
547,肉骨湯麵,15,2,1693242490000000000
548,肉骨湯麵,15,5,1693242904000000000
548,原萃綠茶,39,1,1693242904000000000
549,品客洋芋片,60,3,1693244664000000000
549,肉骨湯麵,15,8,1693244664000000000
549,原萃綠茶,39,3,1693244664000000000
550,品客洋芋片,60,4,1693244870000000000
551,益生菌,150,5,1693245585000000000
552,益生菌,150,5,1693248515000000000
552,原萃綠茶,39,3,1693248515000000000
553,原萃綠茶,39,18,1693248842000000000
553,品客洋芋片,60,6,1693248842000000000
554,原萃綠茶,39,1,1693249189000000000
555,益生菌,150,4,1693249920000000000
556,原萃綠茶,39,5,1693250283000000000
556,品客洋芋片,60,2,1693250283000000000
557,原萃綠茶,39,5,1693251052000000000
557,肉骨湯麵,15,5,1693251052000000000
557,益生菌,150,6,1693251052000000000
557,品客洋芋片,60,1,1693251052000000000
558,品客洋芋片,60,2,1693251516000000000
558,原萃綠茶,39,2,1693251516000000000
558,益生菌,150,5,1693251516000000000
559,肉骨湯麵,15,3,1693251869000000000
559,原萃綠茶,39,3,1693251869000000000
559,品客洋芋片,60,15,1693251869000000000
559,益生菌,150,4,1693251869000000000
560,原萃綠茶,39,2,1693253497000000000
561,原萃綠茶,39,15,1693253842000000000
561,益生菌,150,2,1693253842000000000
561,肉骨湯麵,15,19,1693253842000000000
562,肉骨湯麵,15,4,1693254058000000000
562,品客洋芋片,60,1,1693254058000000000
563,品客洋芋片,60,1,1693255115000000000
564,肉骨湯麵,15,1,1693299808000000000
565,肉骨湯麵,15,3,1693310467000000000
566,益生菌,150,5,1693310712000000000
567,品客洋芋片,60,3,1693311402000000000
567,益生菌,150,14,1693311402000000000
567,原萃綠茶,39,6,1693311402000000000
568,肉骨湯麵,15,3,1693311576000000000
569,益生菌,150,5,1693313448000000000
569,原萃綠茶,39,6,1693313448000000000
570,肉骨湯麵,15,2,1693313667000000000
570,益生菌,150,6,1693313667000000000
571,品客洋芋片,60,3,1693314537000000000
571,原萃綠茶,39,1,1693314537000000000
571,肉骨湯麵,15,3,1693314537000000000
571,益生菌,150,7,1693314537000000000
572,益生菌,150,6,1693315113000000000
572,原萃綠茶,39,6,1693315113000000000
572,品客洋芋片,60,2,1693315113000000000
572,肉骨湯麵,15,6,1693315113000000000
573,品客洋芋片,60,1,1693315737000000000
573,肉骨湯麵,15,3,1693315737000000000
573,原萃綠茶,39,14,1693315737000000000
573,益生菌,150,2,1693315737000000000
574,肉骨湯麵,15,12,1693315762000000000
574,益生菌,150,2,1693315762000000000
575,肉骨湯麵,15,5,1693316242000000000
575,原萃綠茶,39,6,1693316242000000000
575,益生菌,150,6,1693316242000000000
576,原萃綠茶,39,19,1693316285000000000
577,原萃綠茶,39,1,1693316594000000000
577,肉骨湯麵,15,3,1693316594000000000
577,益生菌,150,3,1693316594000000000
578,原萃綠茶,39,3,1693317604000000000
579,肉骨湯麵,15,4,1693318166000000000
579,原萃綠茶,39,14,1693318166000000000
579,品客洋芋片,60,3,1693318166000000000
579,益生菌,150,4,1693318166000000000
580,肉骨湯麵,15,2,1693318253000000000
580,原萃綠茶,39,5,1693318253000000000
581,肉骨湯麵,15,1,1693318263000000000
581,益生菌,150,5,1693318263000000000
581,品客洋芋片,60,1,1693318263000000000
581,原萃綠茶,39,6,1693318263000000000
582,品客洋芋片,60,4,1693318568000000000
582,原萃綠茶,39,11,1693318568000000000
582,益生菌,150,18,1693318568000000000
582,肉骨湯麵,15,9,1693318568000000000
583,品客洋芋片,60,5,1693320260000000000
584,原萃綠茶,39,14,1693320891000000000
585,肉骨湯麵,15,4,1693322292000000000
585,原萃綠茶,39,1,1693322292000000000
585,品客洋芋片,60,9,1693322292000000000
585,益生菌,150,6,1693322292000000000
586,肉骨湯麵,15,1,1693322360000000000
586,品客洋芋片,60,13,1693322360000000000
586,益生菌,150,2,1693322360000000000
586,原萃綠茶,39,6,1693322360000000000
587,肉骨湯麵,15,11,1693322819000000000
587,原萃綠茶,39,3,1693322819000000000
588,品客洋芋片,60,4,1693324228000000000
588,肉骨湯麵,15,1,1693324228000000000
588,原萃綠茶,39,5,1693324228000000000
588,益生菌,150,16,1693324228000000000
589,肉骨湯麵,15,2,1693328330000000000
589,原萃綠茶,39,5,1693328330000000000
589,益生菌,150,6,1693328330000000000
589,品客洋芋片,60,15,1693328330000000000
590,肉骨湯麵,15,2,1693329271000000000
590,益生菌,150,1,1693329271000000000
591,品客洋芋片,60,4,1693330047000000000
591,原萃綠茶,39,3,1693330047000000000
592,益生菌,150,1,1693330584000000000
592,品客洋芋片,60,1,1693330584000000000
592,原萃綠茶,39,1,1693330584000000000
593,肉骨湯麵,15,6,1693330811000000000
593,益生菌,150,1,1693330811000000000
593,原萃綠茶,39,20,1693330811000000000
594,益生菌,150,8,1693333057000000000
594,品客洋芋片,60,5,1693333057000000000
594,肉骨湯麵,15,3,1693333057000000000
594,原萃綠茶,39,17,1693333057000000000
595,品客洋芋片,60,6,1693333889000000000
596,肉骨湯麵,15,5,1693334793000000000
596,原萃綠茶,39,5,1693334793000000000
597,原萃綠茶,39,20,1693336124000000000
597,肉骨湯麵,15,6,1693336124000000000
598,肉骨湯麵,15,2,1693336300000000000
598,品客洋芋片,60,6,1693336300000000000
599,肉骨湯麵,15,6,1693336513000000000
599,益生菌,150,3,1693336513000000000
599,原萃綠茶,39,6,1693336513000000000
600,品客洋芋片,60,1,1693337105000000000
600,益生菌,150,1,1693337105000000000
601,益生菌,150,10,1693337372000000000
601,品客洋芋片,60,2,1693337372000000000
601,原萃綠茶,39,3,1693337372000000000
602,品客洋芋片,60,3,1693337788000000000
602,原萃綠茶,39,18,1693337788000000000
602,肉骨湯麵,15,1,1693337788000000000
602,益生菌,150,2,1693337788000000000
603,品客洋芋片,60,6,1693338186000000000
603,益生菌,150,9,1693338186000000000
603,原萃綠茶,39,6,1693338186000000000
604,益生菌,150,4,1693338797000000000
604,肉骨湯麵,15,5,1693338797000000000
604,原萃綠茶,39,1,1693338797000000000
605,原萃綠茶,39,3,1693340604000000000
605,益生菌,150,1,1693340604000000000
605,品客洋芋片,60,4,1693340604000000000
606,肉骨湯麵,15,4,1693341256000000000
607,肉骨湯麵,15,3,1693341794000000000
607,益生菌,150,14,1693341794000000000
607,品客洋芋片,60,4,1693341794000000000
608,品客洋芋片,60,4,1693342278000000000
609,品客洋芋片,60,2,1693342366000000000
610,品客洋芋片,60,5,1693342475000000000
611,益生菌,150,3,1693342511000000000
611,肉骨湯麵,15,1,1693342511000000000
611,品客洋芋片,60,3,1693342511000000000
611,原萃綠茶,39,3,1693342511000000000
612,品客洋芋片,60,5,1693386330000000000
612,肉骨湯麵,15,3,1693386330000000000
612,益生菌,150,8,1693386330000000000
612,原萃綠茶,39,5,1693386330000000000
613,原萃綠茶,39,2,1693386871000000000
613,肉骨湯麵,15,6,1693386871000000000
613,品客洋芋片,60,2,1693386871000000000
613,益生菌,150,1,1693386871000000000
614,品客洋芋片,60,5,1693388510000000000
614,益生菌,150,3,1693388510000000000
614,原萃綠茶,39,2,1693388510000000000
615,品客洋芋片,60,5,1693390752000000000
616,益生菌,150,4,1693392066000000000
616,品客洋芋片,60,1,1693392066000000000
616,原萃綠茶,39,6,1693392066000000000
616,肉骨湯麵,15,3,1693392066000000000
617,肉骨湯麵,15,1,1693393615000000000
617,原萃綠茶,39,1,1693393615000000000
617,品客洋芋片,60,5,1693393615000000000
618,品客洋芋片,60,1,1693393858000000000
619,原萃綠茶,39,8,1693394009000000000
619,品客洋芋片,60,9,1693394009000000000
619,益生菌,150,6,1693394009000000000
620,肉骨湯麵,15,4,1693394636000000000
621,原萃綠茶,39,4,1693395215000000000
621,益生菌,150,2,1693395215000000000
621,品客洋芋片,60,2,1693395215000000000
622,肉骨湯麵,15,10,1693396005000000000
622,原萃綠茶,39,5,1693396005000000000
623,原萃綠茶,39,2,1693397526000000000
623,益生菌,150,10,1693397526000000000
624,益生菌,150,4,1693397770000000000
624,原萃綠茶,39,2,1693397770000000000
625,益生菌,150,5,1693398236000000000
625,品客洋芋片,60,2,1693398236000000000
625,肉骨湯麵,15,6,1693398236000000000
626,品客洋芋片,60,2,1693398320000000000
626,肉骨湯麵,15,2,1693398320000000000
626,原萃綠茶,39,5,1693398320000000000
626,益生菌,150,3,1693398320000000000
627,品客洋芋片,60,5,1693398385000000000
627,原萃綠茶,39,3,1693398385000000000
627,肉骨湯麵,15,6,1693398385000000000
627,益生菌,150,5,1693398385000000000
628,益生菌,150,6,1693399446000000000
629,肉骨湯麵,15,4,1693399551000000000
629,原萃綠茶,39,7,1693399551000000000
630,肉骨湯麵,15,1,1693399867000000000
630,品客洋芋片,60,4,1693399867000000000
630,益生菌,150,6,1693399867000000000
630,原萃綠茶,39,1,1693399867000000000
631,原萃綠茶,39,6,1693399873000000000
632,品客洋芋片,60,1,1693400114000000000
633,品客洋芋片,60,1,1693401288000000000
633,原萃綠茶,39,18,1693401288000000000
633,益生菌,150,6,1693401288000000000
633,肉骨湯麵,15,11,1693401288000000000
634,品客洋芋片,60,4,1693402559000000000
635,品客洋芋片,60,16,1693402618000000000
635,肉骨湯麵,15,16,1693402618000000000
635,原萃綠茶,39,6,1693402618000000000
635,益生菌,150,3,1693402618000000000
636,肉骨湯麵,15,5,1693403099000000000
636,原萃綠茶,39,4,1693403099000000000
637,肉骨湯麵,15,4,1693403962000000000
637,益生菌,150,5,1693403962000000000
638,益生菌,150,18,1693404810000000000
638,品客洋芋片,60,6,1693404810000000000
638,原萃綠茶,39,2,1693404810000000000
638,肉骨湯麵,15,6,1693404810000000000
639,益生菌,150,3,1693405059000000000
639,肉骨湯麵,15,1,1693405059000000000
639,原萃綠茶,39,5,1693405059000000000
639,品客洋芋片,60,4,1693405059000000000
640,品客洋芋片,60,6,1693405974000000000
641,益生菌,150,3,1693406103000000000
641,肉骨湯麵,15,6,1693406103000000000
642,品客洋芋片,60,1,1693406644000000000
643,品客洋芋片,60,5,1693406858000000000
643,肉骨湯麵,15,5,1693406858000000000
644,原萃綠茶,39,1,1693407127000000000
644,品客洋芋片,60,4,1693407127000000000
644,益生菌,150,4,1693407127000000000
645,原萃綠茶,39,3,1693407681000000000
645,肉骨湯麵,15,6,1693407681000000000
645,品客洋芋片,60,2,1693407681000000000
645,益生菌,150,6,1693407681000000000
646,益生菌,150,1,1693408925000000000
646,肉骨湯麵,15,15,1693408925000000000
646,品客洋芋片,60,5,1693408925000000000
646,原萃綠茶,39,17,1693408925000000000
647,品客洋芋片,60,4,1693409072000000000
648,原萃綠茶,39,6,1693412703000000000
649,肉骨湯麵,15,3,1693417509000000000
649,原萃綠茶,39,4,1693417509000000000
650,品客洋芋片,60,6,1693417678000000000
651,原萃綠茶,39,4,1693420269000000000
652,品客洋芋片,60,4,1693421664000000000
652,原萃綠茶,39,14,1693421664000000000
652,益生菌,150,3,1693421664000000000
652,肉骨湯麵,15,3,1693421664000000000
653,品客洋芋片,60,3,1693422159000000000
653,益生菌,150,1,1693422159000000000
653,原萃綠茶,39,6,1693422159000000000
654,品客洋芋片,60,15,1693423081000000000
655,原萃綠茶,39,3,1693423684000000000
655,益生菌,150,3,1693423684000000000
655,品客洋芋片,60,5,1693423684000000000
656,原萃綠茶,39,2,1693424580000000000
656,品客洋芋片,60,17,1693424580000000000
657,品客洋芋片,60,1,1693424654000000000
657,益生菌,150,15,1693424654000000000
657,肉骨湯麵,15,12,1693424654000000000
658,原萃綠茶,39,6,1693426344000000000
659,肉骨湯麵,15,5,1693426946000000000
659,品客洋芋片,60,4,1693426946000000000
660,品客洋芋片,60,6,1693428440000000000
660,益生菌,150,1,1693428440000000000
660,肉骨湯麵,15,1,1693428440000000000
661,原萃綠茶,39,3,1693428808000000000
662,原萃綠茶,39,5,1693476432000000000
662,品客洋芋片,60,3,1693476432000000000
662,肉骨湯麵,15,5,1693476432000000000
662,益生菌,150,4,1693476432000000000
663,益生菌,150,12,1693477830000000000
663,原萃綠茶,39,6,1693477830000000000
663,品客洋芋片,60,3,1693477830000000000
664,品客洋芋片,60,3,1693478860000000000
664,原萃綠茶,39,5,1693478860000000000
665,益生菌,150,1,1693480514000000000
665,品客洋芋片,60,4,1693480514000000000
666,益生菌,150,4,1693483795000000000
667,原萃綠茶,39,11,1693483826000000000
667,品客洋芋片,60,14,1693483826000000000
668,肉骨湯麵,15,6,1693484051000000000
668,品客洋芋片,60,19,1693484051000000000
669,益生菌,150,3,1693484240000000000
670,肉骨湯麵,15,5,1693484780000000000
670,品客洋芋片,60,5,1693484780000000000
670,原萃綠茶,39,4,1693484780000000000
671,原萃綠茶,39,2,1693485215000000000
671,肉骨湯麵,15,6,1693485215000000000
672,品客洋芋片,60,13,1693485552000000000
673,原萃綠茶,39,3,1693487738000000000
673,肉骨湯麵,15,20,1693487738000000000
674,益生菌,150,4,1693488725000000000
674,品客洋芋片,60,2,1693488725000000000
675,原萃綠茶,39,4,1693489834000000000
675,肉骨湯麵,15,4,1693489834000000000
676,肉骨湯麵,15,1,1693490186000000000
676,益生菌,150,12,1693490186000000000
676,原萃綠茶,39,14,1693490186000000000
676,品客洋芋片,60,3,1693490186000000000
677,原萃綠茶,39,20,1693490542000000000
678,肉骨湯麵,15,20,1693490761000000000
678,益生菌,150,17,1693490761000000000
679,原萃綠茶,39,1,1693490883000000000
679,肉骨湯麵,15,4,1693490883000000000
679,益生菌,150,6,1693490883000000000
679,品客洋芋片,60,2,1693490883000000000
680,肉骨湯麵,15,5,1693491016000000000
681,品客洋芋片,60,12,1693491273000000000
681,肉骨湯麵,15,5,1693491273000000000
682,原萃綠茶,39,1,1693491398000000000
682,益生菌,150,6,1693491398000000000
682,品客洋芋片,60,1,1693491398000000000
682,肉骨湯麵,15,5,1693491398000000000
683,益生菌,150,3,1693492996000000000
683,品客洋芋片,60,1,1693492996000000000
683,肉骨湯麵,15,9,1693492996000000000
683,原萃綠茶,39,1,1693492996000000000
684,益生菌,150,4,1693493162000000000
684,肉骨湯麵,15,5,1693493162000000000
684,品客洋芋片,60,5,1693493162000000000
685,原萃綠茶,39,6,1693493991000000000
685,肉骨湯麵,15,1,1693493991000000000
685,益生菌,150,3,1693493991000000000
685,品客洋芋片,60,4,1693493991000000000
686,益生菌,150,1,1693494874000000000
686,肉骨湯麵,15,3,1693494874000000000
687,益生菌,150,2,1693497727000000000
687,品客洋芋片,60,18,1693497727000000000
687,肉骨湯麵,15,2,1693497727000000000
688,益生菌,150,5,1693498008000000000
688,品客洋芋片,60,2,1693498008000000000
688,原萃綠茶,39,4,1693498008000000000
689,益生菌,150,6,1693500285000000000
689,原萃綠茶,39,3,1693500285000000000
689,肉骨湯麵,15,6,1693500285000000000
690,肉骨湯麵,15,4,1693501285000000000
690,品客洋芋片,60,18,1693501285000000000
690,原萃綠茶,39,2,1693501285000000000
690,益生菌,150,6,1693501285000000000
691,益生菌,150,8,1693504112000000000
691,肉骨湯麵,15,11,1693504112000000000
691,品客洋芋片,60,5,1693504112000000000
691,原萃綠茶,39,6,1693504112000000000
692,肉骨湯麵,15,4,1693505443000000000
693,品客洋芋片,60,2,1693505882000000000
693,原萃綠茶,39,17,1693505882000000000
693,益生菌,150,1,1693505882000000000
693,肉骨湯麵,15,1,1693505882000000000
694,益生菌,150,2,1693506460000000000
694,肉骨湯麵,15,2,1693506460000000000
695,原萃綠茶,39,1,1693507732000000000
695,益生菌,150,2,1693507732000000000
695,肉骨湯麵,15,3,1693507732000000000
696,肉骨湯麵,15,8,1693509228000000000
696,品客洋芋片,60,4,1693509228000000000
697,益生菌,150,2,1693510920000000000
697,品客洋芋片,60,18,1693510920000000000
698,品客洋芋片,60,6,1693511093000000000
698,益生菌,150,4,1693511093000000000
698,肉骨湯麵,15,4,1693511093000000000
698,原萃綠茶,39,6,1693511093000000000
699,肉骨湯麵,15,3,1693511604000000000
699,益生菌,150,5,1693511604000000000
699,原萃綠茶,39,3,1693511604000000000
699,品客洋芋片,60,16,1693511604000000000
700,肉骨湯麵,15,17,1693511832000000000
701,品客洋芋片,60,5,1693512186000000000
702,肉骨湯麵,15,4,1693513649000000000
703,肉骨湯麵,15,6,1693513708000000000
703,益生菌,150,4,1693513708000000000
703,品客洋芋片,60,1,1693513708000000000
704,肉骨湯麵,15,3,1693514748000000000
704,品客洋芋片,60,18,1693514748000000000
705,品客洋芋片,60,1,1693514858000000000
705,原萃綠茶,39,3,1693514858000000000
705,益生菌,150,3,1693514858000000000
705,肉骨湯麵,15,20,1693514858000000000
706,肉骨湯麵,15,1,1693514862000000000
706,益生菌,150,4,1693514862000000000
707,益生菌,150,6,1693562477000000000
708,品客洋芋片,60,12,1693562780000000000
709,肉骨湯麵,15,5,1693562925000000000
709,原萃綠茶,39,2,1693562925000000000
709,益生菌,150,4,1693562925000000000
710,益生菌,150,4,1693564195000000000
710,肉骨湯麵,15,6,1693564195000000000
711,益生菌,150,4,1693564457000000000
711,品客洋芋片,60,6,1693564457000000000
712,益生菌,150,2,1693568996000000000
712,品客洋芋片,60,2,1693568996000000000
712,肉骨湯麵,15,1,1693568996000000000
713,肉骨湯麵,15,3,1693569222000000000
713,品客洋芋片,60,5,1693569222000000000
713,益生菌,150,1,1693569222000000000
713,原萃綠茶,39,2,1693569222000000000
714,益生菌,150,20,1693569673000000000
714,肉骨湯麵,15,12,1693569673000000000
714,品客洋芋片,60,3,1693569673000000000
714,原萃綠茶,39,4,1693569673000000000
715,益生菌,150,6,1693570152000000000
715,原萃綠茶,39,1,1693570152000000000
715,肉骨湯麵,15,18,1693570152000000000
715,品客洋芋片,60,1,1693570152000000000
716,原萃綠茶,39,6,1693570465000000000
716,品客洋芋片,60,4,1693570465000000000
716,益生菌,150,19,1693570465000000000
717,原萃綠茶,39,3,1693571197000000000
717,品客洋芋片,60,18,1693571197000000000
717,肉骨湯麵,15,1,1693571197000000000
717,益生菌,150,16,1693571197000000000
718,益生菌,150,2,1693571198000000000
719,品客洋芋片,60,3,1693572484000000000
719,原萃綠茶,39,13,1693572484000000000
720,肉骨湯麵,15,6,1693573675000000000
721,原萃綠茶,39,15,1693574225000000000
721,品客洋芋片,60,3,1693574225000000000
721,肉骨湯麵,15,3,1693574225000000000
722,益生菌,150,17,1693574623000000000
722,原萃綠茶,39,1,1693574623000000000
722,品客洋芋片,60,2,1693574623000000000
722,肉骨湯麵,15,19,1693574623000000000
723,品客洋芋片,60,19,1693574652000000000
723,肉骨湯麵,15,6,1693574652000000000
723,益生菌,150,3,1693574652000000000
723,原萃綠茶,39,1,1693574652000000000
724,益生菌,150,16,1693575831000000000
724,肉骨湯麵,15,6,1693575831000000000
725,品客洋芋片,60,6,1693575918000000000
725,益生菌,150,14,1693575918000000000
725,肉骨湯麵,15,6,1693575918000000000
726,肉骨湯麵,15,11,1693576553000000000
726,原萃綠茶,39,6,1693576553000000000
726,品客洋芋片,60,1,1693576553000000000
727,肉骨湯麵,15,2,1693576826000000000
727,原萃綠茶,39,4,1693576826000000000
728,肉骨湯麵,15,5,1693578635000000000
728,益生菌,150,5,1693578635000000000
728,原萃綠茶,39,5,1693578635000000000
729,益生菌,150,9,1693578718000000000
729,肉骨湯麵,15,3,1693578718000000000
730,原萃綠茶,39,3,1693578896000000000
731,原萃綠茶,39,4,1693579158000000000
731,品客洋芋片,60,12,1693579158000000000
731,益生菌,150,6,1693579158000000000
732,原萃綠茶,39,3,1693579199000000000
733,益生菌,150,18,1693580088000000000
733,品客洋芋片,60,5,1693580088000000000
733,肉骨湯麵,15,3,1693580088000000000
733,原萃綠茶,39,4,1693580088000000000
734,原萃綠茶,39,11,1693580244000000000
735,品客洋芋片,60,3,1693583286000000000
735,益生菌,150,4,1693583286000000000
735,原萃綠茶,39,11,1693583286000000000
736,肉骨湯麵,15,1,1693584731000000000
737,原萃綠茶,39,6,1693586865000000000
737,益生菌,150,6,1693586865000000000
738,品客洋芋片,60,3,1693587068000000000
738,原萃綠茶,39,4,1693587068000000000
738,益生菌,150,6,1693587068000000000
738,肉骨湯麵,15,1,1693587068000000000
739,肉骨湯麵,15,4,1693587754000000000
740,品客洋芋片,60,18,1693590349000000000
740,肉骨湯麵,15,1,1693590349000000000
741,益生菌,150,6,1693592543000000000
742,原萃綠茶,39,3,1693593693000000000
742,品客洋芋片,60,4,1693593693000000000
743,品客洋芋片,60,3,1693593715000000000
743,益生菌,150,10,1693593715000000000
744,益生菌,150,5,1693595426000000000
744,肉骨湯麵,15,6,1693595426000000000
744,原萃綠茶,39,5,1693595426000000000
744,品客洋芋片,60,18,1693595426000000000
745,益生菌,150,6,1693595590000000000
745,品客洋芋片,60,10,1693595590000000000
745,原萃綠茶,39,5,1693595590000000000
746,原萃綠茶,39,15,1693595927000000000
746,品客洋芋片,60,5,1693595927000000000
746,肉骨湯麵,15,4,1693595927000000000
747,品客洋芋片,60,9,1693597259000000000
748,益生菌,150,2,1693599019000000000
748,原萃綠茶,39,2,1693599019000000000
748,肉骨湯麵,15,1,1693599019000000000
749,原萃綠茶,39,3,1693599476000000000
749,益生菌,150,5,1693599476000000000
749,肉骨湯麵,15,1,1693599476000000000
749,品客洋芋片,60,6,1693599476000000000
750,原萃綠茶,39,5,1693599782000000000
750,品客洋芋片,60,4,1693599782000000000
750,益生菌,150,5,1693599782000000000
751,原萃綠茶,39,8,1693600273000000000
751,品客洋芋片,60,1,1693600273000000000
751,肉骨湯麵,15,3,1693600273000000000
751,益生菌,150,5,1693600273000000000
752,原萃綠茶,39,6,1693600544000000000
752,肉骨湯麵,15,6,1693600544000000000
753,原萃綠茶,39,10,1693600912000000000
753,肉骨湯麵,15,13,1693600912000000000
754,肉骨湯麵,15,20,1693601704000000000
754,益生菌,150,3,1693601704000000000
755,肉骨湯麵,15,5,1693601994000000000
755,品客洋芋片,60,20,1693601994000000000
755,原萃綠茶,39,1,1693601994000000000
756,原萃綠茶,39,4,1693646014000000000
756,肉骨湯麵,15,1,1693646014000000000
756,益生菌,150,6,1693646014000000000
757,品客洋芋片,60,5,1693646177000000000
757,原萃綠茶,39,1,1693646177000000000
757,肉骨湯麵,15,4,1693646177000000000
758,益生菌,150,5,1693649111000000000
758,品客洋芋片,60,6,1693649111000000000
758,原萃綠茶,39,1,1693649111000000000
759,益生菌,150,1,1693649930000000000
759,肉骨湯麵,15,10,1693649930000000000
760,品客洋芋片,60,5,1693652786000000000
760,原萃綠茶,39,3,1693652786000000000
760,益生菌,150,6,1693652786000000000
760,肉骨湯麵,15,5,1693652786000000000
761,品客洋芋片,60,2,1693653784000000000
761,益生菌,150,2,1693653784000000000
761,肉骨湯麵,15,5,1693653784000000000
762,品客洋芋片,60,6,1693654394000000000
762,肉骨湯麵,15,6,1693654394000000000
763,原萃綠茶,39,8,1693655350000000000
764,原萃綠茶,39,1,1693656281000000000
764,肉骨湯麵,15,6,1693656281000000000
765,品客洋芋片,60,17,1693656589000000000
766,品客洋芋片,60,3,1693656809000000000
766,益生菌,150,2,1693656809000000000
767,肉骨湯麵,15,2,1693657686000000000
767,品客洋芋片,60,2,1693657686000000000
768,益生菌,150,2,1693658600000000000
768,原萃綠茶,39,4,1693658600000000000
769,益生菌,150,6,1693658764000000000
769,原萃綠茶,39,5,1693658764000000000
769,肉骨湯麵,15,5,1693658764000000000
769,品客洋芋片,60,14,1693658764000000000
770,益生菌,150,3,1693659846000000000
770,原萃綠茶,39,2,1693659846000000000
770,品客洋芋片,60,5,1693659846000000000
770,肉骨湯麵,15,1,1693659846000000000
771,原萃綠茶,39,6,1693660246000000000
771,品客洋芋片,60,3,1693660246000000000
771,益生菌,150,11,1693660246000000000
771,肉骨湯麵,15,10,1693660246000000000
772,肉骨湯麵,15,4,1693661083000000000
772,益生菌,150,2,1693661083000000000
773,肉骨湯麵,15,7,1693661326000000000
773,益生菌,150,2,1693661326000000000
773,品客洋芋片,60,1,1693661326000000000
774,品客洋芋片,60,4,1693663293000000000
775,肉骨湯麵,15,3,1693663294000000000
775,原萃綠茶,39,2,1693663294000000000
775,益生菌,150,6,1693663294000000000
775,品客洋芋片,60,20,1693663294000000000
776,原萃綠茶,39,6,1693664198000000000
776,肉骨湯麵,15,14,1693664198000000000
776,益生菌,150,3,1693664198000000000
777,肉骨湯麵,15,1,1693664462000000000
777,益生菌,150,7,1693664462000000000
777,品客洋芋片,60,20,1693664462000000000
778,原萃綠茶,39,4,1693664489000000000
778,肉骨湯麵,15,2,1693664489000000000
778,益生菌,150,2,1693664489000000000
779,原萃綠茶,39,4,1693665312000000000
779,品客洋芋片,60,6,1693665312000000000
779,益生菌,150,11,1693665312000000000
779,肉骨湯麵,15,5,1693665312000000000
780,品客洋芋片,60,19,1693665560000000000
780,肉骨湯麵,15,8,1693665560000000000
780,原萃綠茶,39,5,1693665560000000000
780,益生菌,150,5,1693665560000000000
781,肉骨湯麵,15,9,1693665855000000000
781,原萃綠茶,39,13,1693665855000000000
781,品客洋芋片,60,1,1693665855000000000
781,益生菌,150,2,1693665855000000000
782,肉骨湯麵,15,1,1693666532000000000
782,原萃綠茶,39,3,1693666532000000000
782,品客洋芋片,60,2,1693666532000000000
783,益生菌,150,1,1693667138000000000
783,肉骨湯麵,15,3,1693667138000000000
783,原萃綠茶,39,4,1693667138000000000
783,品客洋芋片,60,3,1693667138000000000
784,益生菌,150,2,1693668926000000000
784,品客洋芋片,60,2,1693668926000000000
785,原萃綠茶,39,10,1693670617000000000
785,品客洋芋片,60,5,1693670617000000000
785,益生菌,150,3,1693670617000000000
785,肉骨湯麵,15,13,1693670617000000000
786,肉骨湯麵,15,5,1693670955000000000
786,益生菌,150,7,1693670955000000000
786,品客洋芋片,60,16,1693670955000000000
786,原萃綠茶,39,6,1693670955000000000
787,原萃綠茶,39,13,1693671049000000000
787,品客洋芋片,60,3,1693671049000000000
787,益生菌,150,5,1693671049000000000
787,肉骨湯麵,15,5,1693671049000000000
788,原萃綠茶,39,2,1693671764000000000
788,益生菌,150,12,1693671764000000000
789,益生菌,150,1,1693672671000000000
789,品客洋芋片,60,5,1693672671000000000
789,肉骨湯麵,15,2,1693672671000000000
790,品客洋芋片,60,3,1693673157000000000
790,益生菌,150,13,1693673157000000000
791,品客洋芋片,60,1,1693675507000000000
791,原萃綠茶,39,6,1693675507000000000
791,益生菌,150,3,1693675507000000000
792,原萃綠茶,39,2,1693675652000000000
792,品客洋芋片,60,5,1693675652000000000
793,品客洋芋片,60,9,1693675976000000000
793,益生菌,150,1,1693675976000000000
793,肉骨湯麵,15,2,1693675976000000000
794,原萃綠茶,39,6,1693677299000000000
794,品客洋芋片,60,3,1693677299000000000
794,益生菌,150,17,1693677299000000000
794,肉骨湯麵,15,2,1693677299000000000
795,益生菌,150,4,1693677932000000000
795,品客洋芋片,60,5,1693677932000000000
795,肉骨湯麵,15,2,1693677932000000000
796,益生菌,150,1,1693678577000000000
797,益生菌,150,4,1693678591000000000
798,原萃綠茶,39,2,1693678743000000000
798,益生菌,150,1,1693678743000000000
798,品客洋芋片,60,5,1693678743000000000
799,益生菌,150,5,1693679475000000000
799,品客洋芋片,60,3,1693679475000000000
799,肉骨湯麵,15,5,1693679475000000000
799,原萃綠茶,39,3,1693679475000000000
800,品客洋芋片,60,5,1693679677000000000
801,原萃綠茶,39,5,1693679759000000000
801,益生菌,150,3,1693679759000000000
801,品客洋芋片,60,16,1693679759000000000
801,肉骨湯麵,15,3,1693679759000000000
802,肉骨湯麵,15,4,1693679802000000000
802,品客洋芋片,60,6,1693679802000000000
802,原萃綠茶,39,5,1693679802000000000
803,品客洋芋片,60,2,1693681519000000000
803,原萃綠茶,39,18,1693681519000000000
804,肉骨湯麵,15,4,1693681628000000000
804,品客洋芋片,60,20,1693681628000000000
804,原萃綠茶,39,2,1693681628000000000
804,益生菌,150,2,1693681628000000000
805,品客洋芋片,60,1,1693681662000000000
805,原萃綠茶,39,3,1693681662000000000
805,益生菌,150,5,1693681662000000000
806,益生菌,150,6,1693682949000000000
807,品客洋芋片,60,2,1693683133000000000
807,益生菌,150,6,1693683133000000000
808,肉骨湯麵,15,15,1693683234000000000
808,品客洋芋片,60,3,1693683234000000000
808,益生菌,150,5,1693683234000000000
809,原萃綠茶,39,4,1693684188000000000
809,肉骨湯麵,15,5,1693684188000000000
810,肉骨湯麵,15,14,1693684240000000000
810,原萃綠茶,39,7,1693684240000000000
810,品客洋芋片,60,11,1693684240000000000
810,益生菌,150,5,1693684240000000000
811,原萃綠茶,39,4,1693684543000000000
812,原萃綠茶,39,3,1693685463000000000
812,益生菌,150,4,1693685463000000000
812,品客洋芋片,60,5,1693685463000000000
812,肉骨湯麵,15,2,1693685463000000000
813,益生菌,150,5,1693685634000000000
813,品客洋芋片,60,1,1693685634000000000
814,品客洋芋片,60,6,1693686035000000000
815,原萃綠茶,39,20,1693687032000000000
816,品客洋芋片,60,3,1693687407000000000
816,益生菌,150,5,1693687407000000000
817,肉骨湯麵,15,2,1693688046000000000
817,益生菌,150,7,1693688046000000000
817,品客洋芋片,60,1,1693688046000000000
817,原萃綠茶,39,16,1693688046000000000
818,原萃綠茶,39,11,1693688140000000000
818,益生菌,150,6,1693688140000000000
818,肉骨湯麵,15,3,1693688140000000000
818,品客洋芋片,60,1,1693688140000000000
819,原萃綠茶,39,1,1693734559000000000
819,肉骨湯麵,15,12,1693734559000000000
819,品客洋芋片,60,3,1693734559000000000
819,益生菌,150,6,1693734559000000000
820,肉骨湯麵,15,8,1693734932000000000
820,品客洋芋片,60,2,1693734932000000000
821,肉骨湯麵,15,1,1693737562000000000
822,品客洋芋片,60,4,1693737597000000000
823,肉骨湯麵,15,5,1693737908000000000
823,品客洋芋片,60,6,1693737908000000000
823,益生菌,150,6,1693737908000000000
823,原萃綠茶,39,3,1693737908000000000
824,益生菌,150,5,1693739324000000000
825,益生菌,150,1,1693740660000000000
825,肉骨湯麵,15,6,1693740660000000000
826,益生菌,150,11,1693742958000000000
826,肉骨湯麵,15,4,1693742958000000000
826,品客洋芋片,60,1,1693742958000000000
827,益生菌,150,1,1693744205000000000
827,品客洋芋片,60,4,1693744205000000000
827,肉骨湯麵,15,12,1693744205000000000
827,原萃綠茶,39,7,1693744205000000000
828,益生菌,150,2,1693744253000000000
828,肉骨湯麵,15,1,1693744253000000000
828,原萃綠茶,39,9,1693744253000000000
829,品客洋芋片,60,4,1693744530000000000
829,原萃綠茶,39,6,1693744530000000000
829,肉骨湯麵,15,3,1693744530000000000
829,益生菌,150,1,1693744530000000000
830,肉骨湯麵,15,1,1693745041000000000
831,益生菌,150,4,1693745352000000000
831,原萃綠茶,39,2,1693745352000000000
832,益生菌,150,5,1693745740000000000
832,原萃綠茶,39,6,1693745740000000000
832,品客洋芋片,60,3,1693745740000000000
833,原萃綠茶,39,4,1693746164000000000
833,益生菌,150,1,1693746164000000000
834,益生菌,150,1,1693747714000000000
834,原萃綠茶,39,3,1693747714000000000
834,品客洋芋片,60,6,1693747714000000000
834,肉骨湯麵,15,2,1693747714000000000
835,原萃綠茶,39,6,1693749164000000000
835,肉骨湯麵,15,4,1693749164000000000
836,肉骨湯麵,15,6,1693749559000000000
837,益生菌,150,2,1693750422000000000
837,品客洋芋片,60,4,1693750422000000000
837,肉骨湯麵,15,2,1693750422000000000
838,肉骨湯麵,15,2,1693751254000000000
838,益生菌,150,1,1693751254000000000
839,品客洋芋片,60,2,1693751889000000000
839,肉骨湯麵,15,2,1693751889000000000
840,益生菌,150,1,1693752049000000000
840,肉骨湯麵,15,16,1693752049000000000
840,品客洋芋片,60,8,1693752049000000000
840,原萃綠茶,39,6,1693752049000000000
841,原萃綠茶,39,1,1693753167000000000
841,益生菌,150,4,1693753167000000000
841,品客洋芋片,60,2,1693753167000000000
842,原萃綠茶,39,6,1693753595000000000
843,益生菌,150,2,1693754803000000000
844,原萃綠茶,39,15,1693755335000000000
844,品客洋芋片,60,2,1693755335000000000
844,益生菌,150,16,1693755335000000000
844,肉骨湯麵,15,3,1693755335000000000
845,肉骨湯麵,15,14,1693757068000000000
845,益生菌,150,6,1693757068000000000
845,原萃綠茶,39,6,1693757068000000000
845,品客洋芋片,60,6,1693757068000000000
846,肉骨湯麵,15,1,1693757102000000000
847,原萃綠茶,39,4,1693758062000000000
848,品客洋芋片,60,1,1693758281000000000
848,肉骨湯麵,15,5,1693758281000000000
848,原萃綠茶,39,4,1693758281000000000
848,益生菌,150,4,1693758281000000000
849,益生菌,150,1,1693758346000000000
850,肉骨湯麵,15,4,1693759258000000000
850,品客洋芋片,60,4,1693759258000000000
851,品客洋芋片,60,11,1693760862000000000
851,肉骨湯麵,15,3,1693760862000000000
851,益生菌,150,3,1693760862000000000
851,原萃綠茶,39,3,1693760862000000000
852,原萃綠茶,39,20,1693762423000000000
852,肉骨湯麵,15,5,1693762423000000000
852,益生菌,150,6,1693762423000000000
853,肉骨湯麵,15,1,1693762485000000000
853,原萃綠茶,39,1,1693762485000000000
854,肉骨湯麵,15,10,1693762733000000000
854,原萃綠茶,39,16,1693762733000000000
854,益生菌,150,5,1693762733000000000
855,原萃綠茶,39,5,1693763581000000000
855,肉骨湯麵,15,2,1693763581000000000
856,原萃綠茶,39,4,1693764238000000000
856,品客洋芋片,60,5,1693764238000000000
857,品客洋芋片,60,4,1693764968000000000
857,原萃綠茶,39,4,1693764968000000000
858,原萃綠茶,39,3,1693765336000000000
858,肉骨湯麵,15,3,1693765336000000000
858,益生菌,150,20,1693765336000000000
858,品客洋芋片,60,2,1693765336000000000
859,原萃綠茶,39,5,1693765367000000000
859,肉骨湯麵,15,2,1693765367000000000
859,益生菌,150,8,1693765367000000000
860,益生菌,150,16,1693766746000000000
860,品客洋芋片,60,6,1693766746000000000
860,原萃綠茶,39,5,1693766746000000000
861,肉骨湯麵,15,1,1693766797000000000
862,品客洋芋片,60,3,1693767553000000000
862,原萃綠茶,39,5,1693767553000000000
863,品客洋芋片,60,1,1693769997000000000
863,原萃綠茶,39,3,1693769997000000000
863,肉骨湯麵,15,2,1693769997000000000
864,品客洋芋片,60,6,1693770567000000000
864,原萃綠茶,39,19,1693770567000000000
864,益生菌,150,5,1693770567000000000
865,益生菌,150,2,1693773231000000000
865,肉骨湯麵,15,16,1693773231000000000
865,品客洋芋片,60,2,1693773231000000000
866,原萃綠茶,39,3,1693774592000000000
866,益生菌,150,16,1693774592000000000
867,原萃綠茶,39,5,1693818869000000000
867,益生菌,150,10,1693818869000000000
868,品客洋芋片,60,4,1693819093000000000
869,原萃綠茶,39,20,1693822529000000000
869,肉骨湯麵,15,5,1693822529000000000
870,品客洋芋片,60,3,1693823295000000000
871,原萃綠茶,39,1,1693824243000000000
871,肉骨湯麵,15,3,1693824243000000000
871,品客洋芋片,60,2,1693824243000000000
872,原萃綠茶,39,3,1693825141000000000
872,肉骨湯麵,15,1,1693825141000000000
873,益生菌,150,3,1693825647000000000
873,原萃綠茶,39,4,1693825647000000000
874,肉骨湯麵,15,2,1693826807000000000
874,原萃綠茶,39,6,1693826807000000000
874,益生菌,150,3,1693826807000000000
874,品客洋芋片,60,3,1693826807000000000
875,品客洋芋片,60,5,1693827011000000000
875,益生菌,150,4,1693827011000000000
875,原萃綠茶,39,1,1693827011000000000
875,肉骨湯麵,15,2,1693827011000000000
876,肉骨湯麵,15,2,1693827124000000000
876,品客洋芋片,60,20,1693827124000000000
877,原萃綠茶,39,5,1693827491000000000
877,益生菌,150,4,1693827491000000000
877,肉骨湯麵,15,1,1693827491000000000
877,品客洋芋片,60,1,1693827491000000000
878,益生菌,150,15,1693827838000000000
878,品客洋芋片,60,18,1693827838000000000
879,品客洋芋片,60,4,1693829345000000000
879,原萃綠茶,39,1,1693829345000000000
879,益生菌,150,1,1693829345000000000
880,肉骨湯麵,15,5,1693829355000000000
880,品客洋芋片,60,2,1693829355000000000
880,原萃綠茶,39,5,1693829355000000000
881,品客洋芋片,60,6,1693830209000000000
881,肉骨湯麵,15,6,1693830209000000000
881,益生菌,150,1,1693830209000000000
882,品客洋芋片,60,2,1693831344000000000
882,益生菌,150,4,1693831344000000000
883,原萃綠茶,39,3,1693831475000000000
883,品客洋芋片,60,19,1693831475000000000
884,品客洋芋片,60,5,1693831648000000000
884,原萃綠茶,39,13,1693831648000000000
884,肉骨湯麵,15,3,1693831648000000000
885,益生菌,150,4,1693831965000000000
885,原萃綠茶,39,5,1693831965000000000
886,肉骨湯麵,15,6,1693832925000000000
886,原萃綠茶,39,1,1693832925000000000
886,益生菌,150,6,1693832925000000000
887,益生菌,150,1,1693833680000000000
887,品客洋芋片,60,6,1693833680000000000
887,原萃綠茶,39,4,1693833680000000000
887,肉骨湯麵,15,3,1693833680000000000
888,肉骨湯麵,15,5,1693833712000000000
888,品客洋芋片,60,4,1693833712000000000
888,益生菌,150,6,1693833712000000000
888,原萃綠茶,39,1,1693833712000000000
889,原萃綠茶,39,1,1693833858000000000
889,益生菌,150,5,1693833858000000000
890,原萃綠茶,39,4,1693834557000000000
890,肉骨湯麵,15,4,1693834557000000000
890,品客洋芋片,60,14,1693834557000000000
891,原萃綠茶,39,3,1693835278000000000
892,品客洋芋片,60,18,1693835491000000000
892,原萃綠茶,39,6,1693835491000000000
892,肉骨湯麵,15,3,1693835491000000000
892,益生菌,150,6,1693835491000000000
893,肉骨湯麵,15,9,1693835727000000000
894,肉骨湯麵,15,2,1693836292000000000
894,原萃綠茶,39,2,1693836292000000000
894,品客洋芋片,60,4,1693836292000000000
894,益生菌,150,1,1693836292000000000
895,肉骨湯麵,15,3,1693839155000000000
895,益生菌,150,6,1693839155000000000
896,肉骨湯麵,15,3,1693842598000000000
896,原萃綠茶,39,6,1693842598000000000
897,益生菌,150,4,1693843210000000000
897,品客洋芋片,60,2,1693843210000000000
898,品客洋芋片,60,3,1693843427000000000
898,肉骨湯麵,15,1,1693843427000000000
899,品客洋芋片,60,6,1693845546000000000
899,原萃綠茶,39,5,1693845546000000000
899,益生菌,150,17,1693845546000000000
899,肉骨湯麵,15,4,1693845546000000000
900,肉骨湯麵,15,5,1693846614000000000
901,品客洋芋片,60,8,1693847696000000000
901,肉骨湯麵,15,3,1693847696000000000
902,肉骨湯麵,15,1,1693847783000000000
902,益生菌,150,2,1693847783000000000
902,原萃綠茶,39,1,1693847783000000000
903,品客洋芋片,60,8,1693848239000000000
903,原萃綠茶,39,1,1693848239000000000
904,品客洋芋片,60,3,1693849489000000000
904,肉骨湯麵,15,1,1693849489000000000
904,益生菌,150,13,1693849489000000000
905,肉骨湯麵,15,3,1693850910000000000
905,益生菌,150,5,1693850910000000000
905,原萃綠茶,39,6,1693850910000000000
906,肉骨湯麵,15,2,1693855554000000000
906,品客洋芋片,60,3,1693855554000000000
906,原萃綠茶,39,4,1693855554000000000
906,益生菌,150,4,1693855554000000000
907,品客洋芋片,60,1,1693855855000000000
908,原萃綠茶,39,4,1693859564000000000
909,品客洋芋片,60,11,1693860482000000000
910,品客洋芋片,60,2,1693905121000000000
910,益生菌,150,2,1693905121000000000
911,品客洋芋片,60,1,1693907235000000000
912,益生菌,150,15,1693910668000000000
912,品客洋芋片,60,3,1693910668000000000
912,原萃綠茶,39,12,1693910668000000000
912,肉骨湯麵,15,6,1693910668000000000
913,品客洋芋片,60,17,1693911176000000000
913,原萃綠茶,39,3,1693911176000000000
913,益生菌,150,3,1693911176000000000
913,肉骨湯麵,15,6,1693911176000000000
914,肉骨湯麵,15,2,1693913780000000000
915,益生菌,150,4,1693915284000000000
915,原萃綠茶,39,3,1693915284000000000
915,品客洋芋片,60,20,1693915284000000000
915,肉骨湯麵,15,4,1693915284000000000
916,品客洋芋片,60,2,1693916540000000000
916,肉骨湯麵,15,5,1693916540000000000
917,肉骨湯麵,15,3,1693917920000000000
917,原萃綠茶,39,4,1693917920000000000
917,品客洋芋片,60,3,1693917920000000000
917,益生菌,150,16,1693917920000000000
918,品客洋芋片,60,2,1693918050000000000
918,肉骨湯麵,15,1,1693918050000000000
918,益生菌,150,9,1693918050000000000
918,原萃綠茶,39,1,1693918050000000000
919,益生菌,150,5,1693918097000000000
919,原萃綠茶,39,3,1693918097000000000
919,肉骨湯麵,15,6,1693918097000000000
920,品客洋芋片,60,5,1693918111000000000
921,肉骨湯麵,15,14,1693918262000000000
921,原萃綠茶,39,2,1693918262000000000
921,益生菌,150,1,1693918262000000000
922,肉骨湯麵,15,2,1693918372000000000
922,益生菌,150,6,1693918372000000000
923,肉骨湯麵,15,6,1693918601000000000
924,肉骨湯麵,15,1,1693918889000000000
924,品客洋芋片,60,18,1693918889000000000
924,原萃綠茶,39,1,1693918889000000000
925,肉骨湯麵,15,2,1693918963000000000
926,原萃綠茶,39,1,1693919149000000000
927,益生菌,150,3,1693919428000000000
927,肉骨湯麵,15,4,1693919428000000000
927,原萃綠茶,39,6,1693919428000000000
927,品客洋芋片,60,2,1693919428000000000
928,原萃綠茶,39,4,1693919960000000000
929,益生菌,150,6,1693920204000000000
929,原萃綠茶,39,2,1693920204000000000
929,品客洋芋片,60,12,1693920204000000000
930,肉骨湯麵,15,5,1693920271000000000
931,益生菌,150,5,1693920320000000000
931,肉骨湯麵,15,9,1693920320000000000
931,原萃綠茶,39,20,1693920320000000000
932,品客洋芋片,60,4,1693920351000000000
932,益生菌,150,5,1693920351000000000
932,肉骨湯麵,15,1,1693920351000000000
933,品客洋芋片,60,15,1693920534000000000
933,肉骨湯麵,15,1,1693920534000000000
933,益生菌,150,4,1693920534000000000
934,益生菌,150,11,1693921109000000000
934,品客洋芋片,60,1,1693921109000000000
935,品客洋芋片,60,6,1693922840000000000
935,肉骨湯麵,15,5,1693922840000000000
935,原萃綠茶,39,5,1693922840000000000
936,肉骨湯麵,15,2,1693924133000000000
937,肉骨湯麵,15,11,1693924181000000000
937,品客洋芋片,60,6,1693924181000000000
937,原萃綠茶,39,6,1693924181000000000
937,益生菌,150,1,1693924181000000000
938,原萃綠茶,39,5,1693924902000000000
938,品客洋芋片,60,4,1693924902000000000
938,肉骨湯麵,15,6,1693924902000000000
938,益生菌,150,2,1693924902000000000
939,原萃綠茶,39,1,1693925023000000000
939,益生菌,150,13,1693925023000000000
940,益生菌,150,3,1693927394000000000
940,肉骨湯麵,15,2,1693927394000000000
940,品客洋芋片,60,2,1693927394000000000
941,原萃綠茶,39,10,1693928305000000000
941,品客洋芋片,60,3,1693928305000000000
941,益生菌,150,5,1693928305000000000
942,益生菌,150,2,1693928566000000000
942,肉骨湯麵,15,5,1693928566000000000
943,原萃綠茶,39,2,1693928874000000000
943,肉骨湯麵,15,4,1693928874000000000
944,原萃綠茶,39,4,1693929585000000000
944,肉骨湯麵,15,5,1693929585000000000
945,品客洋芋片,60,4,1693931520000000000
946,原萃綠茶,39,16,1693932046000000000
946,肉骨湯麵,15,13,1693932046000000000
946,品客洋芋片,60,6,1693932046000000000
947,益生菌,150,1,1693933364000000000
947,肉骨湯麵,15,19,1693933364000000000
947,品客洋芋片,60,6,1693933364000000000
948,原萃綠茶,39,2,1693934779000000000
948,益生菌,150,6,1693934779000000000
949,原萃綠茶,39,3,1693935304000000000
949,品客洋芋片,60,6,1693935304000000000
949,肉骨湯麵,15,5,1693935304000000000
950,品客洋芋片,60,11,1693937288000000000
950,肉骨湯麵,15,6,1693937288000000000
951,品客洋芋片,60,2,1693937433000000000
951,原萃綠茶,39,13,1693937433000000000
951,益生菌,150,6,1693937433000000000
952,肉骨湯麵,15,3,1693937454000000000
953,原萃綠茶,39,5,1693937484000000000
954,品客洋芋片,60,1,1693937711000000000
954,肉骨湯麵,15,3,1693937711000000000
954,益生菌,150,5,1693937711000000000
955,原萃綠茶,39,5,1693938318000000000
956,肉骨湯麵,15,9,1693938451000000000
956,品客洋芋片,60,6,1693938451000000000
957,益生菌,150,2,1693938939000000000
957,肉骨湯麵,15,2,1693938939000000000
958,肉骨湯麵,15,1,1693939072000000000
959,肉骨湯麵,15,5,1693939405000000000
959,益生菌,150,4,1693939405000000000
960,品客洋芋片,60,1,1693939985000000000
960,肉骨湯麵,15,5,1693939985000000000
960,原萃綠茶,39,6,1693939985000000000
961,肉骨湯麵,15,1,1693940688000000000
962,肉骨湯麵,15,6,1693941818000000000
962,原萃綠茶,39,1,1693941818000000000
962,品客洋芋片,60,4,1693941818000000000
962,益生菌,150,10,1693941818000000000
963,原萃綠茶,39,16,1693942230000000000
963,品客洋芋片,60,6,1693942230000000000
964,原萃綠茶,39,6,1693942444000000000
964,益生菌,150,1,1693942444000000000
965,原萃綠茶,39,1,1693942968000000000
966,品客洋芋片,60,1,1693943961000000000
966,肉骨湯麵,15,20,1693943961000000000
967,肉骨湯麵,15,5,1693944019000000000
968,品客洋芋片,60,1,1693944556000000000
969,肉骨湯麵,15,11,1693944711000000000
969,品客洋芋片,60,15,1693944711000000000
970,品客洋芋片,60,5,1693945106000000000
970,益生菌,150,4,1693945106000000000
970,肉骨湯麵,15,12,1693945106000000000
971,肉骨湯麵,15,1,1693946309000000000
972,肉骨湯麵,15,6,1693947104000000000
972,益生菌,150,5,1693947104000000000
972,原萃綠茶,39,6,1693947104000000000
973,品客洋芋片,60,17,1693994870000000000
973,益生菌,150,6,1693994870000000000
973,原萃綠茶,39,5,1693994870000000000
973,肉骨湯麵,15,12,1693994870000000000
974,品客洋芋片,60,3,1693995402000000000
974,益生菌,150,1,1693995402000000000
974,肉骨湯麵,15,4,1693995402000000000
975,品客洋芋片,60,3,1693998161000000000
975,肉骨湯麵,15,6,1693998161000000000
975,益生菌,150,6,1693998161000000000
976,品客洋芋片,60,6,1694001804000000000
977,肉骨湯麵,15,4,1694002076000000000
977,益生菌,150,4,1694002076000000000
977,原萃綠茶,39,3,1694002076000000000
977,品客洋芋片,60,3,1694002076000000000
978,益生菌,150,3,1694002543000000000
978,原萃綠茶,39,4,1694002543000000000
978,肉骨湯麵,15,2,1694002543000000000
978,品客洋芋片,60,3,1694002543000000000
979,原萃綠茶,39,3,1694002595000000000
979,益生菌,150,5,1694002595000000000
979,品客洋芋片,60,4,1694002595000000000
980,益生菌,150,2,1694003556000000000
980,原萃綠茶,39,4,1694003556000000000
980,品客洋芋片,60,2,1694003556000000000
980,肉骨湯麵,15,1,1694003556000000000
981,肉骨湯麵,15,7,1694004809000000000
982,品客洋芋片,60,4,1694005511000000000
982,益生菌,150,2,1694005511000000000
982,肉骨湯麵,15,4,1694005511000000000
983,肉骨湯麵,15,5,1694005512000000000
983,原萃綠茶,39,5,1694005512000000000
983,益生菌,150,3,1694005512000000000
983,品客洋芋片,60,11,1694005512000000000
984,品客洋芋片,60,1,1694006130000000000
984,肉骨湯麵,15,3,1694006130000000000
984,原萃綠茶,39,8,1694006130000000000
984,益生菌,150,14,1694006130000000000
985,肉骨湯麵,15,2,1694007174000000000
986,益生菌,150,1,1694007949000000000
987,益生菌,150,2,1694008006000000000
987,原萃綠茶,39,5,1694008006000000000
987,品客洋芋片,60,3,1694008006000000000
987,肉骨湯麵,15,2,1694008006000000000
988,品客洋芋片,60,5,1694008480000000000
988,原萃綠茶,39,2,1694008480000000000
988,益生菌,150,5,1694008480000000000
988,肉骨湯麵,15,6,1694008480000000000
989,益生菌,150,4,1694008633000000000
989,肉骨湯麵,15,2,1694008633000000000
989,品客洋芋片,60,4,1694008633000000000
989,原萃綠茶,39,3,1694008633000000000
990,肉骨湯麵,15,6,1694009167000000000
990,原萃綠茶,39,3,1694009167000000000
991,益生菌,150,2,1694009366000000000
991,肉骨湯麵,15,5,1694009366000000000
991,原萃綠茶,39,3,1694009366000000000
991,品客洋芋片,60,3,1694009366000000000
992,品客洋芋片,60,3,1694010057000000000
992,益生菌,150,3,1694010057000000000
993,益生菌,150,1,1694010348000000000
993,原萃綠茶,39,6,1694010348000000000
993,肉骨湯麵,15,2,1694010348000000000
994,肉骨湯麵,15,5,1694010996000000000
994,原萃綠茶,39,5,1694010996000000000
994,品客洋芋片,60,6,1694010996000000000
994,益生菌,150,6,1694010996000000000
995,原萃綠茶,39,6,1694011414000000000
996,原萃綠茶,39,6,1694012552000000000
997,原萃綠茶,39,15,1694017423000000000
997,肉骨湯麵,15,1,1694017423000000000
998,原萃綠茶,39,4,1694018769000000000
998,肉骨湯麵,15,2,1694018769000000000
998,品客洋芋片,60,3,1694018769000000000
999,肉骨湯麵,15,10,1694019272000000000
999,原萃綠茶,39,4,1694019272000000000
999,品客洋芋片,60,1,1694019272000000000
1000,原萃綠茶,39,4,1694019631000000000
1000,品客洋芋片,60,2,1694019631000000000
1000,肉骨湯麵,15,4,1694019631000000000
1000,益生菌,150,5,1694019631000000000
1001,品客洋芋片,60,2,1694020743000000000
1001,肉骨湯麵,15,5,1694020743000000000
1001,益生菌,150,2,1694020743000000000
1002,品客洋芋片,60,5,1694020790000000000
1002,肉骨湯麵,15,19,1694020790000000000
1002,益生菌,150,3,1694020790000000000
1003,肉骨湯麵,15,4,1694021273000000000
1004,益生菌,150,1,1694021426000000000
1004,肉骨湯麵,15,5,1694021426000000000
1004,品客洋芋片,60,10,1694021426000000000
1004,原萃綠茶,39,4,1694021426000000000
1005,益生菌,150,5,1694021827000000000
1005,品客洋芋片,60,14,1694021827000000000
1005,原萃綠茶,39,3,1694021827000000000
1006,原萃綠茶,39,16,1694022161000000000
1007,原萃綠茶,39,2,1694022294000000000
1007,益生菌,150,6,1694022294000000000
1007,肉骨湯麵,15,4,1694022294000000000
1007,品客洋芋片,60,6,1694022294000000000
1008,品客洋芋片,60,3,1694022563000000000
1008,原萃綠茶,39,5,1694022563000000000
1009,原萃綠茶,39,1,1694023290000000000
1009,品客洋芋片,60,1,1694023290000000000
1009,肉骨湯麵,15,3,1694023290000000000
1010,品客洋芋片,60,5,1694024385000000000
1010,肉骨湯麵,15,6,1694024385000000000
1010,益生菌,150,2,1694024385000000000
1011,益生菌,150,4,1694024605000000000
1011,品客洋芋片,60,6,1694024605000000000
1012,品客洋芋片,60,6,1694025898000000000
1012,原萃綠茶,39,6,1694025898000000000
1012,益生菌,150,1,1694025898000000000
1012,肉骨湯麵,15,5,1694025898000000000
1013,肉骨湯麵,15,5,1694027417000000000
1013,益生菌,150,2,1694027417000000000
1013,原萃綠茶,39,4,1694027417000000000
1013,品客洋芋片,60,7,1694027417000000000
1014,益生菌,150,11,1694028231000000000
1015,原萃綠茶,39,5,1694029586000000000
1016,益生菌,150,4,1694029765000000000
1016,原萃綠茶,39,5,1694029765000000000
1017,品客洋芋片,60,1,1694030128000000000
1017,肉骨湯麵,15,1,1694030128000000000
1017,原萃綠茶,39,2,1694030128000000000
1018,肉骨湯麵,15,4,1694030982000000000
1018,原萃綠茶,39,4,1694030982000000000
1018,品客洋芋片,60,3,1694030982000000000
1018,益生菌,150,4,1694030982000000000
1019,原萃綠茶,39,2,1694031270000000000
1019,品客洋芋片,60,15,1694031270000000000
1020,益生菌,150,6,1694031639000000000
1021,品客洋芋片,60,18,1694032191000000000
1021,肉骨湯麵,15,6,1694032191000000000
1021,原萃綠茶,39,5,1694032191000000000
1022,原萃綠茶,39,12,1694032600000000000
1022,品客洋芋片,60,16,1694032600000000000
1022,益生菌,150,1,1694032600000000000
1023,益生菌,150,3,1694033267000000000
1023,肉骨湯麵,15,5,1694033267000000000
1023,原萃綠茶,39,4,1694033267000000000
1024,益生菌,150,1,1694078878000000000
1024,原萃綠茶,39,4,1694078878000000000
1024,品客洋芋片,60,4,1694078878000000000
1024,肉骨湯麵,15,2,1694078878000000000
1025,品客洋芋片,60,3,1694088388000000000
1026,肉骨湯麵,15,1,1694088395000000000
1026,益生菌,150,1,1694088395000000000
1027,品客洋芋片,60,5,1694088859000000000
1027,肉骨湯麵,15,2,1694088859000000000
1027,原萃綠茶,39,6,1694088859000000000
1028,益生菌,150,3,1694088891000000000
1028,品客洋芋片,60,4,1694088891000000000
1028,原萃綠茶,39,3,1694088891000000000
1029,益生菌,150,3,1694089304000000000
1029,肉骨湯麵,15,2,1694089304000000000
1029,原萃綠茶,39,4,1694089304000000000
1030,品客洋芋片,60,5,1694089733000000000
1030,益生菌,150,2,1694089733000000000
1031,品客洋芋片,60,4,1694090338000000000
1031,益生菌,150,3,1694090338000000000
1031,肉骨湯麵,15,6,1694090338000000000
1032,肉骨湯麵,15,20,1694090748000000000
1033,益生菌,150,4,1694091295000000000
1034,肉骨湯麵,15,4,1694092022000000000
1034,原萃綠茶,39,19,1694092022000000000
1035,益生菌,150,1,1694092091000000000
1036,益生菌,150,6,1694092306000000000
1037,品客洋芋片,60,5,1694092405000000000
1037,益生菌,150,1,1694092405000000000
1037,肉骨湯麵,15,19,1694092405000000000
1038,肉骨湯麵,15,6,1694092879000000000
1038,原萃綠茶,39,5,1694092879000000000
1039,益生菌,150,1,1694093221000000000
1039,原萃綠茶,39,3,1694093221000000000
1039,品客洋芋片,60,5,1694093221000000000
1039,肉骨湯麵,15,1,1694093221000000000
1040,肉骨湯麵,15,2,1694094003000000000
1040,原萃綠茶,39,5,1694094003000000000
1041,原萃綠茶,39,3,1694097193000000000
1041,品客洋芋片,60,3,1694097193000000000
1041,肉骨湯麵,15,5,1694097193000000000
1042,品客洋芋片,60,14,1694097202000000000
1042,益生菌,150,7,1694097202000000000
1042,原萃綠茶,39,6,1694097202000000000
1042,肉骨湯麵,15,4,1694097202000000000
1043,肉骨湯麵,15,10,1694097300000000000
1043,益生菌,150,3,1694097300000000000
1043,原萃綠茶,39,7,1694097300000000000
1044,原萃綠茶,39,3,1694097818000000000
1044,肉骨湯麵,15,20,1694097818000000000
1045,益生菌,150,3,1694097894000000000
1046,肉骨湯麵,15,1,1694098490000000000
1047,品客洋芋片,60,2,1694099615000000000
1047,益生菌,150,2,1694099615000000000
1047,肉骨湯麵,15,7,1694099615000000000
1048,肉骨湯麵,15,1,1694100361000000000
1049,肉骨湯麵,15,3,1694103946000000000
1050,原萃綠茶,39,5,1694104579000000000
1051,原萃綠茶,39,19,1694109166000000000
1051,品客洋芋片,60,3,1694109166000000000
1052,原萃綠茶,39,1,1694110301000000000
1052,品客洋芋片,60,10,1694110301000000000
1053,原萃綠茶,39,5,1694110320000000000
1053,肉骨湯麵,15,11,1694110320000000000
1053,益生菌,150,7,1694110320000000000
1053,品客洋芋片,60,9,1694110320000000000
1054,肉骨湯麵,15,1,1694110452000000000
1054,原萃綠茶,39,2,1694110452000000000
1055,肉骨湯麵,15,4,1694111381000000000
1055,原萃綠茶,39,3,1694111381000000000
1055,品客洋芋片,60,5,1694111381000000000
1056,原萃綠茶,39,1,1694111427000000000
1056,品客洋芋片,60,4,1694111427000000000
1056,肉骨湯麵,15,17,1694111427000000000
1057,品客洋芋片,60,4,1694113026000000000
1057,肉骨湯麵,15,1,1694113026000000000
1057,益生菌,150,7,1694113026000000000
1058,益生菌,150,1,1694113474000000000
1058,原萃綠茶,39,6,1694113474000000000
1058,肉骨湯麵,15,6,1694113474000000000
1059,品客洋芋片,60,16,1694114027000000000
1060,品客洋芋片,60,3,1694114688000000000
1060,原萃綠茶,39,4,1694114688000000000
1061,原萃綠茶,39,3,1694115367000000000
1061,肉骨湯麵,15,4,1694115367000000000
1061,益生菌,150,2,1694115367000000000
1061,品客洋芋片,60,4,1694115367000000000
1062,原萃綠茶,39,1,1694116616000000000
1062,益生菌,150,5,1694116616000000000
1063,原萃綠茶,39,5,1694118070000000000
1063,品客洋芋片,60,6,1694118070000000000
1064,肉骨湯麵,15,1,1694119140000000000
1064,品客洋芋片,60,5,1694119140000000000
1065,原萃綠茶,39,2,1694119226000000000
1065,品客洋芋片,60,4,1694119226000000000
1066,品客洋芋片,60,9,1694119866000000000
1066,原萃綠茶,39,4,1694119866000000000
1066,益生菌,150,3,1694119866000000000
1066,肉骨湯麵,15,1,1694119866000000000
1067,肉骨湯麵,15,18,1694164636000000000
1068,益生菌,150,3,1694166460000000000
1068,品客洋芋片,60,1,1694166460000000000
1069,肉骨湯麵,15,1,1694168987000000000
1069,品客洋芋片,60,4,1694168987000000000
1070,益生菌,150,5,1694169192000000000
1071,肉骨湯麵,15,3,1694171058000000000
1071,原萃綠茶,39,5,1694171058000000000
1071,品客洋芋片,60,3,1694171058000000000
1072,益生菌,150,19,1694171277000000000
1072,肉骨湯麵,15,2,1694171277000000000
1072,品客洋芋片,60,6,1694171277000000000
1072,原萃綠茶,39,4,1694171277000000000
1073,益生菌,150,3,1694171925000000000
1074,肉骨湯麵,15,1,1694172158000000000
1075,益生菌,150,1,1694173087000000000
1075,原萃綠茶,39,6,1694173087000000000
1075,肉骨湯麵,15,5,1694173087000000000
1076,原萃綠茶,39,2,1694173089000000000
1076,品客洋芋片,60,1,1694173089000000000
1076,肉骨湯麵,15,4,1694173089000000000
1077,原萃綠茶,39,6,1694173840000000000
1077,肉骨湯麵,15,1,1694173840000000000
1077,益生菌,150,6,1694173840000000000
1078,益生菌,150,5,1694174867000000000
1078,原萃綠茶,39,19,1694174867000000000
1078,品客洋芋片,60,3,1694174867000000000
1079,原萃綠茶,39,8,1694175153000000000
1079,益生菌,150,5,1694175153000000000
1079,肉骨湯麵,15,15,1694175153000000000
1079,品客洋芋片,60,2,1694175153000000000
1080,品客洋芋片,60,4,1694175717000000000
1080,益生菌,150,2,1694175717000000000
1080,肉骨湯麵,15,20,1694175717000000000
1081,原萃綠茶,39,2,1694175843000000000
1081,品客洋芋片,60,9,1694175843000000000
1081,益生菌,150,4,1694175843000000000
1082,益生菌,150,15,1694176041000000000
1082,肉骨湯麵,15,5,1694176041000000000
1082,品客洋芋片,60,18,1694176041000000000
1082,原萃綠茶,39,1,1694176041000000000
1083,品客洋芋片,60,3,1694176394000000000
1083,原萃綠茶,39,4,1694176394000000000
1083,肉骨湯麵,15,4,1694176394000000000
1083,益生菌,150,1,1694176394000000000
1084,肉骨湯麵,15,6,1694176478000000000
1084,品客洋芋片,60,12,1694176478000000000
1084,益生菌,150,1,1694176478000000000
1084,原萃綠茶,39,1,1694176478000000000
1085,品客洋芋片,60,1,1694176558000000000
1085,原萃綠茶,39,2,1694176558000000000
1085,肉骨湯麵,15,6,1694176558000000000
1086,原萃綠茶,39,3,1694176718000000000
1087,益生菌,150,2,1694176764000000000
1088,品客洋芋片,60,2,1694177807000000000
1089,益生菌,150,1,1694180073000000000
1090,肉骨湯麵,15,2,1694180494000000000
1091,品客洋芋片,60,5,1694181052000000000
1091,肉骨湯麵,15,5,1694181052000000000
1091,原萃綠茶,39,3,1694181052000000000
1091,益生菌,150,5,1694181052000000000
1092,益生菌,150,17,1694181119000000000
1092,肉骨湯麵,15,5,1694181119000000000
1093,品客洋芋片,60,2,1694182009000000000
1093,肉骨湯麵,15,1,1694182009000000000
1093,原萃綠茶,39,10,1694182009000000000
1093,益生菌,150,5,1694182009000000000
1094,品客洋芋片,60,2,1694182417000000000
1094,益生菌,150,20,1694182417000000000
1094,原萃綠茶,39,1,1694182417000000000
1094,肉骨湯麵,15,5,1694182417000000000
1095,品客洋芋片,60,6,1694182428000000000
1095,肉骨湯麵,15,2,1694182428000000000
1095,原萃綠茶,39,5,1694182428000000000
1096,肉骨湯麵,15,6,1694183750000000000
1096,品客洋芋片,60,2,1694183750000000000
1096,益生菌,150,3,1694183750000000000
1097,原萃綠茶,39,7,1694184201000000000
1097,肉骨湯麵,15,19,1694184201000000000
1097,益生菌,150,6,1694184201000000000
1097,品客洋芋片,60,2,1694184201000000000
1098,益生菌,150,6,1694184290000000000
1099,品客洋芋片,60,2,1694188359000000000
1099,肉骨湯麵,15,3,1694188359000000000
1100,原萃綠茶,39,4,1694188366000000000
1100,品客洋芋片,60,1,1694188366000000000
1100,肉骨湯麵,15,3,1694188366000000000
1100,益生菌,150,3,1694188366000000000
1101,原萃綠茶,39,8,1694188771000000000
1102,益生菌,150,4,1694188856000000000
1103,肉骨湯麵,15,5,1694192939000000000
1103,益生菌,150,5,1694192939000000000
1103,品客洋芋片,60,10,1694192939000000000
1104,原萃綠茶,39,4,1694198907000000000
1105,原萃綠茶,39,6,1694202245000000000
1105,肉骨湯麵,15,5,1694202245000000000
1106,肉骨湯麵,15,6,1694202753000000000
1107,肉骨湯麵,15,4,1694204164000000000
1107,原萃綠茶,39,3,1694204164000000000
1107,品客洋芋片,60,4,1694204164000000000
1107,益生菌,150,3,1694204164000000000
1108,原萃綠茶,39,15,1694204600000000000
1109,肉骨湯麵,15,4,1694205105000000000
1109,益生菌,150,1,1694205105000000000
1110,原萃綠茶,39,3,1694206544000000000
1110,肉骨湯麵,15,14,1694206544000000000
1110,益生菌,150,3,1694206544000000000
1111,原萃綠茶,39,4,1694252088000000000
1111,品客洋芋片,60,1,1694252088000000000
1111,益生菌,150,12,1694252088000000000
1111,肉骨湯麵,15,19,1694252088000000000
1112,原萃綠茶,39,1,1694253664000000000
1112,益生菌,150,20,1694253664000000000
1113,品客洋芋片,60,5,1694255261000000000
1113,原萃綠茶,39,3,1694255261000000000
1114,品客洋芋片,60,4,1694261037000000000
1114,肉骨湯麵,15,2,1694261037000000000
1114,益生菌,150,4,1694261037000000000
1114,原萃綠茶,39,1,1694261037000000000
1115,益生菌,150,3,1694261212000000000
1115,品客洋芋片,60,3,1694261212000000000
1116,益生菌,150,2,1694261257000000000
1116,品客洋芋片,60,1,1694261257000000000
1116,原萃綠茶,39,8,1694261257000000000
1117,原萃綠茶,39,1,1694261270000000000
1117,品客洋芋片,60,4,1694261270000000000
1117,肉骨湯麵,15,1,1694261270000000000
1117,益生菌,150,4,1694261270000000000
1118,益生菌,150,10,1694262185000000000
1118,肉骨湯麵,15,3,1694262185000000000
1118,品客洋芋片,60,2,1694262185000000000
1119,益生菌,150,10,1694263217000000000
1119,原萃綠茶,39,18,1694263217000000000
1119,肉骨湯麵,15,18,1694263217000000000
1120,品客洋芋片,60,2,1694263425000000000
1120,肉骨湯麵,15,2,1694263425000000000
1120,益生菌,150,1,1694263425000000000
1120,原萃綠茶,39,4,1694263425000000000
1121,品客洋芋片,60,4,1694264686000000000
1122,肉骨湯麵,15,4,1694266705000000000
1123,益生菌,150,5,1694268261000000000
1124,肉骨湯麵,15,1,1694268373000000000
1124,原萃綠茶,39,3,1694268373000000000
1124,品客洋芋片,60,1,1694268373000000000
1125,肉骨湯麵,15,3,1694268476000000000
1125,原萃綠茶,39,6,1694268476000000000
1125,品客洋芋片,60,5,1694268476000000000
1126,肉骨湯麵,15,2,1694268580000000000
1126,品客洋芋片,60,6,1694268580000000000
1126,原萃綠茶,39,8,1694268580000000000
1127,原萃綠茶,39,3,1694269186000000000
1128,原萃綠茶,39,4,1694269197000000000
1128,品客洋芋片,60,1,1694269197000000000
1128,肉骨湯麵,15,6,1694269197000000000
1129,原萃綠茶,39,4,1694269985000000000
1129,益生菌,150,3,1694269985000000000
1130,品客洋芋片,60,5,1694270023000000000
1130,肉骨湯麵,15,3,1694270023000000000
1131,品客洋芋片,60,5,1694270356000000000
1131,原萃綠茶,39,19,1694270356000000000
1132,益生菌,150,18,1694270916000000000
1132,品客洋芋片,60,2,1694270916000000000
1132,原萃綠茶,39,2,1694270916000000000
1133,品客洋芋片,60,4,1694270964000000000
1133,原萃綠茶,39,4,1694270964000000000
1134,益生菌,150,1,1694271150000000000
1134,肉骨湯麵,15,5,1694271150000000000
1134,品客洋芋片,60,6,1694271150000000000
1134,原萃綠茶,39,5,1694271150000000000
1135,肉骨湯麵,15,2,1694272389000000000
1135,原萃綠茶,39,4,1694272389000000000
1135,品客洋芋片,60,4,1694272389000000000
1136,肉骨湯麵,15,5,1694272742000000000
1137,益生菌,150,1,1694274136000000000
1137,品客洋芋片,60,1,1694274136000000000
1137,原萃綠茶,39,19,1694274136000000000
1137,肉骨湯麵,15,3,1694274136000000000
1138,品客洋芋片,60,5,1694275629000000000
1139,益生菌,150,5,1694277002000000000
1139,肉骨湯麵,15,3,1694277002000000000
1139,原萃綠茶,39,4,1694277002000000000
1139,品客洋芋片,60,2,1694277002000000000
1140,益生菌,150,6,1694277078000000000
1140,原萃綠茶,39,13,1694277078000000000
1140,肉骨湯麵,15,6,1694277078000000000
1140,品客洋芋片,60,2,1694277078000000000
1141,益生菌,150,6,1694277494000000000
1141,品客洋芋片,60,1,1694277494000000000
1141,原萃綠茶,39,20,1694277494000000000
1141,肉骨湯麵,15,5,1694277494000000000
1142,品客洋芋片,60,4,1694277988000000000
1142,肉骨湯麵,15,4,1694277988000000000
1142,原萃綠茶,39,5,1694277988000000000
1143,肉骨湯麵,15,17,1694278140000000000
1144,品客洋芋片,60,2,1694278934000000000
1144,益生菌,150,2,1694278934000000000
1144,肉骨湯麵,15,5,1694278934000000000
1145,益生菌,150,6,1694280245000000000
1145,肉骨湯麵,15,6,1694280245000000000
1145,原萃綠茶,39,2,1694280245000000000
1146,肉骨湯麵,15,18,1694281354000000000
1146,原萃綠茶,39,1,1694281354000000000
1146,益生菌,150,1,1694281354000000000
1147,肉骨湯麵,15,4,1694281548000000000
1147,品客洋芋片,60,5,1694281548000000000
1148,益生菌,150,6,1694281591000000000
1148,品客洋芋片,60,1,1694281591000000000
1148,肉骨湯麵,15,1,1694281591000000000
1149,品客洋芋片,60,6,1694282059000000000
1150,原萃綠茶,39,13,1694283217000000000
1150,益生菌,150,5,1694283217000000000
1150,品客洋芋片,60,15,1694283217000000000
1150,肉骨湯麵,15,4,1694283217000000000
1151,肉骨湯麵,15,1,1694283527000000000
1151,品客洋芋片,60,10,1694283527000000000
1152,原萃綠茶,39,3,1694283909000000000
1152,肉骨湯麵,15,4,1694283909000000000
1153,益生菌,150,3,1694284362000000000
1154,益生菌,150,4,1694284449000000000
1154,品客洋芋片,60,5,1694284449000000000
1155,原萃綠茶,39,5,1694285422000000000
1155,品客洋芋片,60,4,1694285422000000000
1156,肉骨湯麵,15,5,1694286678000000000
1157,原萃綠茶,39,2,1694286709000000000
1157,益生菌,150,4,1694286709000000000
1157,肉骨湯麵,15,2,1694286709000000000
1158,品客洋芋片,60,6,1694287736000000000
1158,肉骨湯麵,15,9,1694287736000000000
1159,肉骨湯麵,15,3,1694288346000000000
1159,品客洋芋片,60,2,1694288346000000000
1160,益生菌,150,1,1694288675000000000
1161,原萃綠茶,39,2,1694289042000000000
1161,肉骨湯麵,15,5,1694289042000000000
